<?xml version="1.0" encoding="UTF-8"?>
<!DOCTYPE html PUBLIC "-//W3C//DTD XHTML 1.0 Transitional//EN"
    "http://www.w3.org/TR/xhtml1/DTD/xhtml1-transitional.dtd">
<html xmlns="http://www.w3.org/1999/xhtml" xml:lang="en" lang="en">
 <head>
  <title>
</title>
<meta http-equiv="Content-Type" content="text/html;charset=utf-8" />
  <meta name='ocr-system' content='tesseract 3.04.00' />
  <meta name='ocr-capabilities' content='ocr_page ocr_carea ocr_par ocr_line ocrx_word'/>
</head>
<body>
  <div class='ocr_page' id='page_1' title='image "./psalteriumjuxtah00pann/psalteriumjuxtah00pann_0146.png"; bbox 0 0 2243 3568; ppageno 0'>
   <div class='ocr_carea' id='block_1_1' title="bbox 261 277 836 2721">
    <p class='ocr_par' dir='ltr' id='par_1_1' title="bbox 272 277 836 465">
     <span class='ocr_line' id='line_1_1' title="bbox 274 277 834 315; baseline -0.007 0"><span class='ocrx_word' id='word_1_1' title='bbox 274 280 428 315; x_wconf 88' lang='lat' dir='ltr'>beatum</span> <span class='ocrx_word' id='word_1_2' title='bbox 492 278 607 313; x_wconf 78' lang='lat' dir='ltr'>faciat</span> <span class='ocrx_word' id='word_1_3' title='bbox 662 288 748 312; x_wconf 89' lang='lat' dir='ltr'>eum</span> <span class='ocrx_word' id='word_1_4' title='bbox 796 277 834 311; x_wconf 91' lang='lat' dir='ltr'>in</span> 
     </span>
     <span class='ocr_line' id='line_1_2' title="bbox 274 325 835 367; baseline -0.004 -6"><span class='ocrx_word' id='word_1_5' title='bbox 274 330 418 367; x_wconf 54' lang='lat' dir='ltr'>terram</span> <span class='ocrx_word' id='word_1_6' title='bbox 460 325 474 339; x_wconf 63' lang='lat'>³*</span> <span class='ocrx_word' id='word_1_7' title='bbox 513 328 549 360; x_wconf 88' lang='lat' dir='ltr'>et</span> <span class='ocrx_word' id='word_1_8' title='bbox 590 335 665 359; x_wconf 88' lang='lat' dir='ltr'>non</span> <span class='ocrx_word' id='word_1_9' title='bbox 708 325 835 359; x_wconf 88' lang='lat' dir='ltr'>tradat</span> 
     </span>
     <span class='ocr_line' id='line_1_3' title="bbox 272 371 836 409; baseline -0.007 0"><span class='ocrx_word' id='word_1_10' title='bbox 272 384 359 409; x_wconf 88' lang='lat' dir='ltr'>eum</span> <span class='ocrx_word' id='word_1_11' title='bbox 391 373 429 407; x_wconf 92' lang='lat' dir='ltr'>in</span> <span class='ocrx_word' id='word_1_12' title='bbox 447 372 617 407; x_wconf 87' lang='lat' dir='ltr'>animam</span> <span class='ocrx_word' id='word_1_13' title='bbox 659 371 836 406; x_wconf 87' lang='lat' dir='ltr'>inimico-</span> 
     </span>
     <span class='ocr_line' id='line_1_4' title="bbox 272 418 484 465; baseline -0.024 -9"><span class='ocrx_word' id='word_1_14' title='bbox 272 431 357 456; x_wconf 93' lang='lat' dir='ltr'>rum</span> <span class='ocrx_word' id='word_1_15' title='bbox 386 418 484 465; x_wconf 88' lang='lat' dir='ltr'>ejus.</span> 
     </span>
    </p>

    <p class='ocr_par' dir='ltr' id='par_1_2' title="bbox 269 466 834 701">
     <span class='ocr_line' id='line_1_5' title="bbox 318 466 834 511; baseline -0.004 -9"><span class='ocrx_word' id='word_1_16' title='bbox 318 468 349 502; x_wconf 77' lang='lat'>4.</span> <span class='ocrx_word' id='word_1_17' title='bbox 375 467 563 502; x_wconf 83' lang='lat' dir='ltr'>Dominus</span> <span class='ocrx_word' id='word_1_18' title='bbox 594 476 703 511; x_wconf 89' lang='lat' dir='ltr'>opem</span> <span class='ocrx_word' id='word_1_19' title='bbox 736 466 834 500; x_wconf 81' lang='lat' dir='ltr'>ierat</span> 
     </span>
     <span class='ocr_line' id='line_1_6' title="bbox 272 513 833 559; baseline -0.002 -10"><span class='ocrx_word' id='word_1_20' title='bbox 272 515 329 549; x_wconf 91' lang='lat' dir='ltr'>illi</span> <span class='ocrx_word' id='word_1_21' title='bbox 363 525 480 559; x_wconf 87' lang='lat' dir='ltr'>super</span> <span class='ocrx_word' id='word_1_22' title='bbox 505 514 648 548; x_wconf 89' lang='lat' dir='ltr'>lectum</span> <span class='ocrx_word' id='word_1_23' title='bbox 685 513 833 548; x_wconf 88' lang='lat' dir='ltr'>doloris</span> 
     </span>
     <span class='ocr_line' id='line_1_7' title="bbox 270 560 833 608; baseline -0.004 -11"><span class='ocrx_word' id='word_1_24' title='bbox 270 560 356 608; x_wconf 86' lang='lat' dir='ltr'>ejus</span> <span class='ocrx_word' id='word_1_25' title='bbox 380 574 386 596; x_wconf 93' lang='lat'>:</span> <span class='ocrx_word' id='word_1_26' title='bbox 417 562 431 574; x_wconf 58' lang='lat'>&#39;³‘</span> <span class='ocrx_word' id='word_1_27' title='bbox 460 561 696 596; x_wconf 86' lang='lat' dir='ltr'>universum</span> <span class='ocrx_word' id='word_1_28' title='bbox 729 563 833 595; x_wconf 91' lang='lat' dir='ltr'>stra-</span> 
     </span>
     <span class='ocr_line' id='line_1_8' title="bbox 271 606 833 654; baseline -0.004 -10"><span class='ocrx_word' id='word_1_29' title='bbox 271 612 351 644; x_wconf 92' lang='lat' dir='ltr'>tum</span> <span class='ocrx_word' id='word_1_30' title='bbox 375 606 460 654; x_wconf 88' lang='lat' dir='ltr'>ejus</span> <span class='ocrx_word' id='word_1_31' title='bbox 477 607 644 643; x_wconf 83' lang='lat' dir='ltr'>versasti</span> <span class='ocrx_word' id='word_1_32' title='bbox 664 608 703 642; x_wconf 91' lang='lat' dir='ltr'>in</span> <span class='ocrx_word' id='word_1_33' title='bbox 727 607 833 642; x_wconf 83' lang='lat' dir='ltr'>intir-</span> 
     </span>
     <span class='ocr_line' id='line_1_9' title="bbox 269 653 523 701; baseline -0.004 -11"><span class='ocrx_word' id='word_1_34' title='bbox 269 657 405 691; x_wconf 92' lang='lat' dir='ltr'>mitate</span> <span class='ocrx_word' id='word_1_35' title='bbox 424 653 523 701; x_wconf 83' lang='lat' dir='ltr'>ejus.</span> 
     </span>
    </p>

    <p class='ocr_par' dir='ltr' id='par_1_3' title="bbox 269 702 832 881">
     <span class='ocr_line' id='line_1_10' title="bbox 315 702 830 749; baseline 0.002 -13"><span class='ocrx_word' id='word_1_36' title='bbox 315 704 349 738; x_wconf 72' lang='lat' dir='ltr'>ij.</span> <span class='ocrx_word' id='word_1_37' title='bbox 388 704 464 749; x_wconf 85' lang='lat' dir='ltr'>Ego</span> <span class='ocrx_word' id='word_1_38' title='bbox 507 702 609 738; x_wconf 87' lang='lat' dir='ltr'>dixi:</span> <span class='ocrx_word' id='word_1_39' title='bbox 654 702 830 741; x_wconf 81' lang='lat' dir='ltr'>Domine,</span> 
     </span>
     <span class='ocr_line' id='line_1_11' title="bbox 270 749 832 792; baseline -0.004 -7"><span class='ocrx_word' id='word_1_40' title='bbox 270 751 455 786; x_wconf 88' lang='lat' dir='ltr'>miserere</span> <span class='ocrx_word' id='word_1_41' title='bbox 481 750 576 792; x_wconf 83' lang='lat' dir='ltr'>mei;</span> <span class='ocrx_word' id='word_1_42' title='bbox 595 749 609 763; x_wconf 35' lang='grc' dir='ltr'>ξ’</span> <span class='ocrx_word' id='word_1_43' title='bbox 633 759 726 785; x_wconf 88' lang='lat' dir='ltr'>sana</span> <span class='ocrx_word' id='word_1_44' title='bbox 745 749 832 784; x_wconf 91' lang='lat' dir='ltr'>ani-</span> 
     </span>
     <span class='ocr_line' id='line_1_12' title="bbox 269 797 830 842; baseline 0 -10"><span class='ocrx_word' id='word_1_45' title='bbox 269 808 370 833; x_wconf 90' lang='lat' dir='ltr'>mam</span> <span class='ocrx_word' id='word_1_46' title='bbox 393 808 530 837; x_wconf 87' lang='lat' dir='ltr'>meam,</span> <span class='ocrx_word' id='word_1_47' title='bbox 553 797 643 842; x_wconf 89' lang='lat' dir='ltr'>quia</span> <span class='ocrx_word' id='word_1_48' title='bbox 676 797 830 842; x_wconf 90' lang='lat' dir='ltr'>peccavi</span> 
     </span>
     <span class='ocr_line' id='line_1_13' title="bbox 270 846 354 881; baseline 0 0"><span class='ocrx_word' id='word_1_49' title='bbox 270 846 354 881; x_wconf 89' lang='lat' dir='ltr'>tibi.</span> 
     </span>
    </p>

    <p class='ocr_par' dir='ltr' id='par_1_4' title="bbox 267 891 833 1080">
     <span class='ocr_line' id='line_1_14' title="bbox 313 891 832 928; baseline -0.002 -1"><span class='ocrx_word' id='word_1_50' title='bbox 313 893 346 928; x_wconf 76' lang='lat'>(3.</span> <span class='ocrx_word' id='word_1_51' title='bbox 373 892 524 927; x_wconf 82' lang='lat' dir='ltr'>Inimici</span> <span class='ocrx_word' id='word_1_52' title='bbox 548 892 621 926; x_wconf 92' lang='lat' dir='ltr'>mei</span> <span class='ocrx_word' id='word_1_53' title='bbox 644 891 832 926; x_wconf 90' lang='lat' dir='ltr'>dixerunt</span> 
     </span>
     <span class='ocr_line' id='line_1_15' title="bbox 269 938 833 982; baseline -0.002 -9"><span class='ocrx_word' id='word_1_54' title='bbox 269 940 368 975; x_wconf 91' lang='lat' dir='ltr'>mala</span> <span class='ocrx_word' id='word_1_55' title='bbox 390 940 507 974; x_wconf 87' lang='lat' dir='ltr'>mihi:</span> <span class='ocrx_word' id='word_1_56' title='bbox 532 938 552 958; x_wconf 67' lang='lat'>³*</span> <span class='ocrx_word' id='word_1_57' title='bbox 573 940 734 982; x_wconf 83' lang='lat' dir='ltr'>Quando</span> <span class='ocrx_word' id='word_1_58' title='bbox 754 949 833 973; x_wconf 95' lang='lat' dir='ltr'>mo-</span> 
     </span>
     <span class='ocr_line' id='line_1_16' title="bbox 268 986 829 1032; baseline -0.004 -10"><span class='ocrx_word' id='word_1_59' title='bbox 268 987 406 1029; x_wconf 77' lang='lat' dir='ltr'>rietur,</span> <span class='ocrx_word' id='word_1_60' title='bbox 436 990 473 1022; x_wconf 89' lang='lat' dir='ltr'>et</span> <span class='ocrx_word' id='word_1_61' title='bbox 513 986 657 1032; x_wconf 81' lang='lat' dir='ltr'>peribit</span> <span class='ocrx_word' id='word_1_62' title='bbox 689 996 829 1021; x_wconf 88' lang='lat' dir='ltr'>nomen</span> 
     </span>
     <span class='ocr_line' id='line_1_17' title="bbox 267 1033 384 1080; baseline -0.009 -10"><span class='ocrx_word' id='word_1_63' title='bbox 267 1033 384 1080; x_wconf 67' lang='lat' dir='ltr'>ejus‘?</span> 
     </span>
    </p>

    <p class='ocr_par' dir='ltr' id='par_1_5' title="bbox 265 1081 831 1354">
     <span class='ocr_line' id='line_1_18' title="bbox 314 1081 831 1127; baseline -0.002 -10"><span class='ocrx_word' id='word_1_64' title='bbox 314 1083 346 1117; x_wconf 85' lang='lat'>7.</span> <span class='ocrx_word' id='word_1_65' title='bbox 370 1083 413 1116; x_wconf 92' lang='lat' dir='ltr'>Et</span> <span class='ocrx_word' id='word_1_66' title='bbox 429 1081 461 1117; x_wconf 93' lang='lat' dir='ltr'>si</span> <span class='ocrx_word' id='word_1_67' title='bbox 480 1081 776 1127; x_wconf 81' lang='lat' dir='ltr'>ingrediebatur</span> <span class='ocrx_word' id='word_1_68' title='bbox 788 1084 831 1116; x_wconf 92' lang='lat' dir='ltr'>ut</span> 
     </span>
     <span class='ocr_line' id='line_1_19' title="bbox 268 1128 830 1174; baseline -0.002 -10"><span class='ocrx_word' id='word_1_69' title='bbox 268 1130 431 1167; x_wconf 84' lang='lat' dir='ltr'>videret,</span> <span class='ocrx_word' id='word_1_70' title='bbox 449 1139 547 1164; x_wconf 92' lang='lat' dir='ltr'>vana</span> <span class='ocrx_word' id='word_1_71' title='bbox 564 1128 830 1174; x_wconf 44' lang='lat' dir='ltr'>loquebatur?</span> 
     </span>
     <span class='ocr_line' id='line_1_20' title="bbox 266 1174 831 1222; baseline -0.004 -10"><span class='ocrx_word' id='word_1_72' title='bbox 266 1187 331 1212; x_wconf 89' lang='lat' dir='ltr'>cor</span> <span class='ocrx_word' id='word_1_73' title='bbox 349 1174 435 1222; x_wconf 87' lang='lat' dir='ltr'>ejus</span> <span class='ocrx_word' id='word_1_74' title='bbox 471 1176 726 1221; x_wconf 81' lang='lat' dir='ltr'>congregavit</span> <span class='ocrx_word' id='word_1_75' title='bbox 759 1176 831 1210; x_wconf 91' lang='lat' dir='ltr'>ini-</span> 
     </span>
     <span class='ocr_line' id='line_1_21' title="bbox 266 1223 831 1269; baseline -0.002 -10"><span class='ocrx_word' id='word_1_76' title='bbox 266 1224 455 1269; x_wconf 80' lang='lat' dir='ltr'>quitatem</span> <span class='ocrx_word' id='word_1_77' title='bbox 502 1223 589 1258; x_wconf 90' lang='lat' dir='ltr'>sibi.</span> <span class='ocrx_word' id='word_1_78' title='bbox 651 1223 831 1269; x_wconf 82' lang='lat' dir='ltr'>Egredie-</span> 
     </span>
     <span class='ocr_line' id='line_1_22' title="bbox 266 1270 827 1315; baseline -0.002 -9"><span class='ocrx_word' id='word_1_79' title='bbox 266 1272 382 1306; x_wconf 84' lang='lat' dir='ltr'>batur</span> <span class='ocrx_word' id='word_1_80' title='bbox 423 1271 540 1309; x_wconf 74' lang='lat' dir='ltr'>foras,</span> <span class='ocrx_word' id='word_1_81' title='bbox 578 1270 593 1283; x_wconf 71' lang='lat'>⁹*</span> <span class='ocrx_word' id='word_1_82' title='bbox 635 1274 673 1305; x_wconf 91' lang='lat' dir='ltr'>et</span> <span class='ocrx_word' id='word_1_83' title='bbox 701 1271 827 1315; x_wconf 88' lang='lat' dir='ltr'>loque-</span> 
     </span>
     <span class='ocr_line' id='line_1_23' title="bbox 265 1319 394 1354; baseline -0.023 0"><span class='ocrx_word' id='word_1_84' title='bbox 265 1319 394 1354; x_wconf 89' lang='lat' dir='ltr'>batur.</span> 
     </span>
    </p>

    <p class='ocr_par' dir='ltr' id='par_1_6' title="bbox 265 1365 830 1590">
     <span class='ocr_line' id='line_1_24' title="bbox 311 1365 830 1410; baseline -0.002 -9"><span class='ocrx_word' id='word_1_85' title='bbox 311 1367 345 1401; x_wconf 82' lang='lat'>8.</span> <span class='ocrx_word' id='word_1_86' title='bbox 377 1367 417 1400; x_wconf 94' lang='lat' dir='ltr'>ln</span> <span class='ocrx_word' id='word_1_87' title='bbox 461 1365 644 1410; x_wconf 89' lang='lat' dir='ltr'>idipsum.</span> <span class='ocrx_word' id='word_1_88' title='bbox 685 1365 830 1400; x_wconf 82' lang='lat' dir='ltr'>Adver-</span> 
     </span>
     <span class='ocr_line' id='line_1_25' title="bbox 265 1413 829 1448; baseline 0 0"><span class='ocrx_word' id='word_1_89' title='bbox 265 1423 351 1448; x_wconf 85' lang='lat' dir='ltr'>sum</span> <span class='ocrx_word' id='word_1_90' title='bbox 428 1423 488 1448; x_wconf 90' lang='lat' dir='ltr'>me</span> <span class='ocrx_word' id='word_1_91' title='bbox 566 1413 829 1448; x_wconf 80' lang='lat' dir='ltr'>susurrabant</span> 
     </span>
     <span class='ocr_line' id='line_1_26' title="bbox 265 1460 830 1502; baseline 0.002 -8"><span class='ocrx_word' id='word_1_92' title='bbox 265 1470 400 1495; x_wconf 85' lang='lat' dir='ltr'>omnes</span> <span class='ocrx_word' id='word_1_93' title='bbox 424 1460 573 1495; x_wconf 89' lang='lat' dir='ltr'>inimici</span> <span class='ocrx_word' id='word_1_94' title='bbox 596 1460 670 1495; x_wconf 90' lang='lat' dir='ltr'>mei</span> <span class='ocrx_word' id='word_1_95' title='bbox 690 1471 697 1502; x_wconf 84' lang='grc'>;</span> <span class='ocrx_word' id='word_1_96' title='bbox 725 1460 743 1478; x_wconf 69' lang='lat'><strong>*</strong></span> <span class='ocrx_word' id='word_1_97' title='bbox 764 1461 830 1495; x_wconf 86' lang='lat' dir='ltr'>ad-</span> 
     </span>
     <span class='ocr_line' id='line_1_27' title="bbox 265 1507 829 1553; baseline 0 -11"><span class='ocrx_word' id='word_1_98' title='bbox 265 1517 421 1542; x_wconf 88' lang='lat' dir='ltr'>versum</span> <span class='ocrx_word' id='word_1_99' title='bbox 485 1518 544 1542; x_wconf 91' lang='lat' dir='ltr'>me</span> <span class='ocrx_word' id='word_1_100' title='bbox 601 1507 829 1553; x_wconf 84' lang='lat' dir='ltr'>cogitabant</span> 
     </span>
     <span class='ocr_line' id='line_1_28' title="bbox 266 1555 496 1590; baseline -0.013 0"><span class='ocrx_word' id='word_1_101' title='bbox 266 1555 365 1590; x_wconf 88' lang='lat' dir='ltr'>mala</span> <span class='ocrx_word' id='word_1_102' title='bbox 388 1555 496 1588; x_wconf 91' lang='lat' dir='ltr'>mihi.</span> 
     </span>
    </p>

    <p class='ocr_par' dir='ltr' id='par_1_7' title="bbox 263 1602 827 1789">
     <span class='ocr_line' id='line_1_29' title="bbox 310 1602 826 1647; baseline -0.002 -10"><span class='ocrx_word' id='word_1_103' title='bbox 310 1602 343 1637; x_wconf 79' lang='lat'>9.</span> <span class='ocrx_word' id='word_1_104' title='bbox 411 1602 580 1637; x_wconf 84' lang='lat' dir='ltr'>Verbum</span> <span class='ocrx_word' id='word_1_105' title='bbox 648 1602 826 1647; x_wconf 87' lang='lat' dir='ltr'>iniquum</span> 
     </span>
     <span class='ocr_line' id='line_1_30' title="bbox 263 1649 826 1684; baseline 0 0"><span class='ocrx_word' id='word_1_106' title='bbox 263 1649 558 1684; x_wconf 83' lang='lat' dir='ltr'>constituerunt</span> <span class='ocrx_word' id='word_1_107' title='bbox 617 1650 826 1684; x_wconf 90' lang='lat' dir='ltr'>adversum</span> 
     </span>
     <span class='ocr_line' id='line_1_31' title="bbox 264 1696 827 1742; baseline 0 -12"><span class='ocrx_word' id='word_1_108' title='bbox 264 1707 345 1739; x_wconf 78' lang='lat' dir='ltr'>me;</span> <span class='ocrx_word' id='word_1_109' title='bbox 370 1697 563 1741; x_wconf 89' lang='lat' dir='ltr'>numquid</span> <span class='ocrx_word' id='word_1_110' title='bbox 582 1696 649 1742; x_wconf 89' lang='lat' dir='ltr'>qui</span> <span class='ocrx_word' id='word_1_111' title='bbox 681 1697 827 1732; x_wconf 91' lang='lat' dir='ltr'>dormit</span> 
     </span>
     <span class='ocr_line' id='line_1_32' title="bbox 264 1741 816 1789; baseline -0.002 -10"><span class='ocrx_word' id='word_1_112' title='bbox 264 1754 341 1779; x_wconf 92' lang='lat' dir='ltr'>non</span> <span class='ocrx_word' id='word_1_113' title='bbox 363 1741 523 1789; x_wconf 89' lang='lat' dir='ltr'>adjiciet</span> <span class='ocrx_word' id='word_1_114' title='bbox 539 1747 582 1778; x_wconf 93' lang='lat' dir='ltr'>ut</span> <span class='ocrx_word' id='word_1_115' title='bbox 604 1742 816 1789; x_wconf 67' lang='lat' dir='ltr'>resurgat?</span> 
     </span>
    </p>

    <p class='ocr_par' dir='ltr' id='par_1_8' title="bbox 261 1791 826 2025">
     <span class='ocr_line' id='line_1_33' title="bbox 310 1791 826 1836; baseline 0.002 -11"><span class='ocrx_word' id='word_1_116' title='bbox 310 1791 366 1825; x_wconf 90' lang='grc'>10.</span> <span class='ocrx_word' id='word_1_117' title='bbox 390 1791 541 1825; x_wconf 87' lang='lat' dir='ltr'>Etenim</span> <span class='ocrx_word' id='word_1_118' title='bbox 574 1791 687 1826; x_wconf 87' lang='lat' dir='ltr'>homo</span> <span class='ocrx_word' id='word_1_119' title='bbox 720 1791 826 1836; x_wconf 86' lang='lat' dir='ltr'>pacis</span> 
     </span>
     <span class='ocr_line' id='line_1_34' title="bbox 264 1838 826 1883; baseline 0.002 -11"><span class='ocrx_word' id='word_1_120' title='bbox 264 1848 373 1876; x_wconf 78' lang='lat' dir='ltr'>meae,</span> <span class='ocrx_word' id='word_1_121' title='bbox 415 1838 454 1872; x_wconf 90' lang='lat' dir='ltr'>in</span> <span class='ocrx_word' id='word_1_122' title='bbox 485 1849 561 1883; x_wconf 91' lang='lat' dir='ltr'>quo</span> <span class='ocrx_word' id='word_1_123' title='bbox 599 1838 752 1883; x_wconf 86' lang='lat' dir='ltr'>speravi</span> <span class='ocrx_word' id='word_1_124' title='bbox 775 1849 782 1880; x_wconf 85' lang='lat'><em>;</em></span> <span class='ocrx_word' id='word_1_125' title='bbox 807 1839 826 1857; x_wconf 83' lang='lat'><em>*</em></span> 
     </span>
     <span class='ocr_line' id='line_1_35' title="bbox 262 1885 824 1930; baseline 0.002 -10"><span class='ocrx_word' id='word_1_126' title='bbox 262 1885 327 1930; x_wconf 89' lang='lat' dir='ltr'>qui</span> <span class='ocrx_word' id='word_1_127' title='bbox 375 1885 512 1920; x_wconf 88' lang='lat' dir='ltr'>edebat</span> <span class='ocrx_word' id='word_1_128' title='bbox 547 1895 665 1930; x_wconf 88' lang='lat' dir='ltr'>panes</span> <span class='ocrx_word' id='word_1_129' title='bbox 705 1895 824 1923; x_wconf 78' lang='lat' dir='ltr'>meos,</span> 
     </span>
     <span class='ocr_line' id='line_1_36' title="bbox 264 1932 826 1978; baseline 0.002 -12"><span class='ocrx_word' id='word_1_130' title='bbox 264 1932 531 1978; x_wconf 81' lang='lat' dir='ltr'>magnificavit</span> <span class='ocrx_word' id='word_1_131' title='bbox 587 1942 705 1977; x_wconf 89' lang='lat' dir='ltr'>super</span> <span class='ocrx_word' id='word_1_132' title='bbox 766 1943 826 1967; x_wconf 89' lang='lat' dir='ltr'>me</span> 
     </span>
     <span class='ocr_line' id='line_1_37' title="bbox 261 1979 636 2025; baseline 0 -11"><span class='ocrx_word' id='word_1_133' title='bbox 261 1979 636 2025; x_wconf 83' lang='lat' dir='ltr'>supplantationem.</span> 
     </span>
    </p>

    <p class='ocr_par' dir='ltr' id='par_1_9' title="bbox 264 2027 825 2161">
     <span class='ocr_line' id='line_1_38' title="bbox 310 2027 823 2067; baseline 0 -6"><span class='ocrx_word' id='word_1_134' title='bbox 310 2029 365 2062; x_wconf 85' lang='lat'>11.</span> <span class='ocrx_word' id='word_1_135' title='bbox 389 2027 442 2061; x_wconf 91' lang='lat' dir='ltr'>Tu</span> <span class='ocrx_word' id='word_1_136' title='bbox 475 2029 620 2067; x_wconf 88' lang='lat' dir='ltr'>autem,</span> <span class='ocrx_word' id='word_1_137' title='bbox 651 2027 823 2067; x_wconf 85' lang='lat' dir='ltr'>Domine,</span> 
     </span>
     <span class='ocr_line' id='line_1_39' title="bbox 265 2074 825 2111; baseline 0.004 -4"><span class='ocrx_word' id='word_1_138' title='bbox 265 2074 451 2109; x_wconf 90' lang='lat' dir='ltr'>miserere</span> <span class='ocrx_word' id='word_1_139' title='bbox 470 2074 558 2111; x_wconf 82' lang='lat' dir='ltr'>mci,</span> <span class='ocrx_word' id='word_1_140' title='bbox 573 2077 611 2109; x_wconf 86' lang='lat' dir='ltr'>et</span> <span class='ocrx_word' id='word_1_141' title='bbox 633 2074 825 2109; x_wconf 89' lang='lat' dir='ltr'>resuscita</span> 
     </span>
     <span class='ocr_line' id='line_1_40' title="bbox 264 2121 775 2161; baseline 0.002 -6"><span class='ocrx_word' id='word_1_142' title='bbox 264 2131 346 2161; x_wconf 75' lang='lat' dir='ltr'>me:</span> <span class='ocrx_word' id='word_1_143' title='bbox 367 2121 387 2140; x_wconf 77' lang='lat'><em>*</em></span> <span class='ocrx_word' id='word_1_144' title='bbox 408 2124 446 2156; x_wconf 91' lang='lat' dir='ltr'>et</span> <span class='ocrx_word' id='word_1_145' title='bbox 469 2121 683 2158; x_wconf 87' lang='lat' dir='ltr'>retribuam</span> <span class='ocrx_word' id='word_1_146' title='bbox 706 2121 775 2156; x_wconf 87' lang='lat' dir='ltr'>eis.</span> 
     </span>
    </p>

    <p class='ocr_par' dir='ltr' id='par_1_10' title="bbox 262 2168 827 2355">
     <span class='ocr_line' id='line_1_41' title="bbox 311 2168 827 2214; baseline 0 -11"><span class='ocrx_word' id='word_1_147' title='bbox 311 2168 370 2204; x_wconf 75' lang='lat'>12.</span> <span class='ocrx_word' id='word_1_148' title='bbox 402 2169 442 2202; x_wconf 91' lang='lat' dir='ltr'>In</span> <span class='ocrx_word' id='word_1_149' title='bbox 465 2168 536 2203; x_wconf 85' lang='lat' dir='ltr'>hoc</span> <span class='ocrx_word' id='word_1_150' title='bbox 557 2168 720 2214; x_wconf 83' lang='lat' dir='ltr'>cognovi</span> <span class='ocrx_word' id='word_1_151' title='bbox 735 2179 827 2213; x_wconf 88' lang='lat' dir='ltr'>quo-</span> 
     </span>
     <span class='ocr_line' id='line_1_42' title="bbox 264 2214 827 2260; baseline 0.002 -11"><span class='ocrx_word' id='word_1_152' title='bbox 264 2216 366 2250; x_wconf 89' lang='lat' dir='ltr'>niam</span> <span class='ocrx_word' id='word_1_153' title='bbox 391 2215 550 2250; x_wconf 91' lang='lat' dir='ltr'>voluisti</span> <span class='ocrx_word' id='word_1_154' title='bbox 586 2225 645 2250; x_wconf 91' lang='lat' dir='ltr'>me</span> <span class='ocrx_word' id='word_1_155' title='bbox 666 2226 673 2258; x_wconf 85' lang='lat'>;</span> <span class='ocrx_word' id='word_1_156' title='bbox 694 2214 714 2235; x_wconf 68' lang='lat'>³¹⁶</span> <span class='ocrx_word' id='word_1_157' title='bbox 734 2226 827 2260; x_wconf 90' lang='lat' dir='ltr'>quo-</span> 
     </span>
     <span class='ocr_line' id='line_1_43' title="bbox 264 2263 827 2308; baseline -0.002 -11"><span class='ocrx_word' id='word_1_158' title='bbox 264 2263 367 2298; x_wconf 90' lang='lat' dir='ltr'>niam</span> <span class='ocrx_word' id='word_1_159' title='bbox 390 2273 467 2297; x_wconf 91' lang='lat' dir='ltr'>non</span> <span class='ocrx_word' id='word_1_160' title='bbox 492 2263 679 2308; x_wconf 86' lang='lat' dir='ltr'>gaudebit</span> <span class='ocrx_word' id='word_1_161' title='bbox 698 2263 827 2297; x_wconf 92' lang='lat' dir='ltr'>inimi-</span> 
     </span>
     <span class='ocr_line' id='line_1_44' title="bbox 262 2320 697 2355; baseline -0.002 -10"><span class='ocrx_word' id='word_1_162' title='bbox 262 2320 331 2345; x_wconf 87' lang='lat' dir='ltr'>cus</span> <span class='ocrx_word' id='word_1_163' title='bbox 354 2320 463 2345; x_wconf 89' lang='lat' dir='ltr'>meus</span> <span class='ocrx_word' id='word_1_164' title='bbox 485 2320 602 2355; x_wconf 90' lang='lat' dir='ltr'>super</span> <span class='ocrx_word' id='word_1_165' title='bbox 624 2320 697 2345; x_wconf 88' lang='lat' dir='ltr'>me.</span> 
     </span>
    </p>

    <p class='ocr_par' dir='ltr' id='par_1_11' title="bbox 261 2357 826 2543">
     <span class='ocr_line' id='line_1_45' title="bbox 310 2357 823 2403; baseline 0.002 -12"><span class='ocrx_word' id='word_1_166' title='bbox 310 2357 365 2391; x_wconf 85' lang='lat'>13.</span> <span class='ocrx_word' id='word_1_167' title='bbox 397 2358 456 2391; x_wconf 87' lang='lat' dir='ltr'>Me</span> <span class='ocrx_word' id='word_1_168' title='bbox 488 2361 617 2392; x_wconf 89' lang='lat' dir='ltr'>autem</span> <span class='ocrx_word' id='word_1_169' title='bbox 652 2360 823 2403; x_wconf 75' lang='lat' dir='ltr'>propter.</span> 
     </span>
     <span class='ocr_line' id='line_1_46' title="bbox 264 2404 826 2450; baseline 0.002 -12"><span class='ocrx_word' id='word_1_170' title='bbox 264 2404 527 2439; x_wconf 87' lang='lat' dir='ltr'>innocentiam</span> <span class='ocrx_word' id='word_1_171' title='bbox 550 2405 760 2450; x_wconf 87' lang='lat' dir='ltr'>suscepisti</span> <span class='ocrx_word' id='word_1_172' title='bbox 783 2417 790 2439; x_wconf 89' lang='grc'>;</span> <span class='ocrx_word' id='word_1_173' title='bbox 811 2404 826 2418; x_wconf 70' lang='lat'>&#39;⁸</span> 
     </span>
     <span class='ocr_line' id='line_1_47' title="bbox 261 2452 826 2487; baseline 0 0"><span class='ocrx_word' id='word_1_174' title='bbox 261 2455 299 2486; x_wconf 90' lang='lat' dir='ltr'>et</span> <span class='ocrx_word' id='word_1_175' title='bbox 320 2452 562 2487; x_wconf 83' lang='lat' dir='ltr'>confirmasti</span> <span class='ocrx_word' id='word_1_176' title='bbox 580 2462 640 2487; x_wconf 90' lang='lat' dir='ltr'>me</span> <span class='ocrx_word' id='word_1_177' title='bbox 661 2452 699 2486; x_wconf 90' lang='lat' dir='ltr'>in</span> <span class='ocrx_word' id='word_1_178' title='bbox 715 2462 826 2487; x_wconf 88' lang='lat' dir='ltr'>cons-</span> 
     </span>
     <span class='ocr_line' id='line_1_48' title="bbox 262 2500 755 2543; baseline -0.002 -10"><span class='ocrx_word' id='word_1_179' title='bbox 262 2502 374 2543; x_wconf 88' lang='lat' dir='ltr'>pectu</span> <span class='ocrx_word' id='word_1_180' title='bbox 399 2502 465 2533; x_wconf 92' lang='lat' dir='ltr'>tuo</span> <span class='ocrx_word' id='word_1_181' title='bbox 487 2500 525 2533; x_wconf 93' lang='lat' dir='ltr'>in</span> <span class='ocrx_word' id='word_1_182' title='bbox 547 2502 755 2534; x_wconf 60' lang='lat' dir='ltr'>internum.</span> 
     </span>
    </p>

    <p class='ocr_par' dir='ltr' id='par_1_12' title="bbox 263 2546 826 2721">
     <span class='ocr_line' id='line_1_49' title="bbox 309 2546 826 2581; baseline 0.002 -1"><span class='ocrx_word' id='word_1_183' title='bbox 309 2546 365 2580; x_wconf 78' lang='lat'>14.</span> <span class='ocrx_word' id='word_1_184' title='bbox 384 2546 616 2581; x_wconf 88' lang='lat' dir='ltr'>Benedictus</span> <span class='ocrx_word' id='word_1_185' title='bbox 638 2546 826 2581; x_wconf 89' lang='lat' dir='ltr'>Dominus</span> 
     </span>
     <span class='ocr_line' id='line_1_50' title="bbox 265 2593 826 2632; baseline 0.005 -6"><span class='ocrx_word' id='word_1_186' title='bbox 265 2593 365 2627; x_wconf 88' lang='lat' dir='ltr'>Deus</span> <span class='ocrx_word' id='word_1_187' title='bbox 394 2593 513 2628; x_wconf 88' lang='lat' dir='ltr'>Israel</span> <span class='ocrx_word' id='word_1_188' title='bbox 540 2604 560 2628; x_wconf 93' lang='lat' dir='ltr'>a</span> <span class='ocrx_word' id='word_1_189' title='bbox 600 2594 758 2632; x_wconf 69' lang='lat' dir='ltr'>saeculo,</span> <span class='ocrx_word' id='word_1_190' title='bbox 788 2596 826 2629; x_wconf 89' lang='lat' dir='ltr'>et</span> 
     </span>
     <span class='ocr_line' id='line_1_51' title="bbox 263 2640 824 2720; baseline 0.002 -45"><span class='ocrx_word' id='word_1_191' title='bbox 263 2650 387 2720; x_wconf 52' lang='lat' dir='ltr'>:isque</span> <span class='ocrx_word' id='word_1_192' title='bbox 409 2640 449 2674; x_wconf 91' lang='lat' dir='ltr'>in</span> <span class='ocrx_word' id='word_1_193' title='bbox 471 2641 661 2676; x_wconf 85' lang='lat' dir='ltr'>saeculum</span> <span class='ocrx_word' id='word_1_194' title='bbox 684 2641 824 2682; x_wconf 71' lang='lat' dir='ltr'>:*Fiat,</span> 
     </span>
     <span class='ocr_line' id='line_1_52' title="bbox 277 2690 348 2721; baseline 0.014 -1"><span class='ocrx_word' id='word_1_195' title='bbox 277 2690 348 2721; x_wconf 82' lang='lat' dir='ltr'>iat.</span> 
     </span>
    </p>
   </div>
   <div class='ocr_carea' id='block_1_2' title="bbox 1041 155 1276 194">
    <p class='ocr_par' dir='ltr' id='par_1_13' title="bbox 1041 155 1276 194">
     <span class='ocr_line' id='line_1_53' title="bbox 1041 155 1276 194; baseline 0.004 -1"><span class='ocrx_word' id='word_1_196' title='bbox 1041 155 1276 194; x_wconf 79' lang='lat'><strong>-112—</strong></span> 
     </span>
    </p>
   </div>
   <div class='ocr_carea' id='block_1_3' title="bbox 911 277 2038 462">
    <p class='ocr_par' dir='ltr' id='par_1_14' title="bbox 911 277 2038 462">
     <span class='ocr_line' id='line_1_54' title="bbox 911 277 2038 334; baseline 0.006 -18"><span class='ocrx_word' id='word_1_197' title='bbox 911 277 959 317; x_wconf 87' lang='lat' dir='ltr'>Et</span> <span class='ocrx_word' id='word_1_198' title='bbox 975 289 1063 316; x_wconf 92' lang='lat' dir='ltr'>non</span> <span class='ocrx_word' id='word_1_199' title='bbox 1081 278 1206 318; x_wconf 85' lang='lat' dir='ltr'>dabis</span> <span class='ocrx_word' id='word_1_200' title='bbox 1223 290 1322 318; x_wconf 89' lang='lat' dir='ltr'>eum</span> <span class='ocrx_word' id='word_1_201' title='bbox 1345 279 1391 317; x_wconf 91' lang='lat' dir='ltr'>in</span> <span class='ocrx_word' id='word_1_202' title='bbox 1407 279 1601 319; x_wconf 86' lang='lat' dir='ltr'>animam</span> <span class='ocrx_word' id='word_1_203' title='bbox 1617 281 1904 322; x_wconf 86' lang='lat' dir='ltr'>inimicorum</span> <span class='ocrx_word' id='word_1_204' title='bbox 1919 283 2014 334; x_wconf 88' lang='lat' dir='ltr'>ejus</span> <span class='ocrx_word' id='word_1_205' title='bbox 2029 298 2038 330; x_wconf 91' lang='lat'>;</span> 
     </span>
     <span class='ocr_line' id='line_1_55' title="bbox 961 343 2037 396; baseline 0.007 -15"><span class='ocrx_word' id='word_1_206' title='bbox 961 343 1124 382; x_wconf 78' lang='lat' dir='ltr'>Jehova</span> <span class='ocrx_word' id='word_1_207' title='bbox 1147 344 1384 383; x_wconf 87' lang='lat' dir='ltr'>sustinebit</span> <span class='ocrx_word' id='word_1_208' title='bbox 1406 356 1507 384; x_wconf 93' lang='lat' dir='ltr'>eum</span> <span class='ocrx_word' id='word_1_209' title='bbox 1527 356 1661 395; x_wconf 87' lang='lat' dir='ltr'>super</span> <span class='ocrx_word' id='word_1_210' title='bbox 1676 346 1838 386; x_wconf 88' lang='lat' dir='ltr'>lectum</span> <span class='ocrx_word' id='word_1_211' title='bbox 1858 348 2037 396; x_wconf 88' lang='lat' dir='ltr'>doloris,</span> 
     </span>
     <span class='ocr_line' id='line_1_56' title="bbox 962 409 2034 462; baseline 0.007 -16"><span class='ocrx_word' id='word_1_212' title='bbox 962 419 1092 447; x_wconf 87' lang='lat' dir='ltr'>omne</span> <span class='ocrx_word' id='word_1_213' title='bbox 1117 413 1302 448; x_wconf 88' lang='lat' dir='ltr'>stratum</span> <span class='ocrx_word' id='word_1_214' title='bbox 1333 409 1428 459; x_wconf 88' lang='lat' dir='ltr'>ejus</span> <span class='ocrx_word' id='word_1_215' title='bbox 1453 410 1649 449; x_wconf 87' lang='lat' dir='ltr'>versabis</span> <span class='ocrx_word' id='word_1_216' title='bbox 1670 411 1716 450; x_wconf 88' lang='lat' dir='ltr'>in</span> <span class='ocrx_word' id='word_1_217' title='bbox 1737 412 2034 462; x_wconf 83' lang='lat' dir='ltr'>aegritudine.</span> 
     </span>
    </p>
   </div>
   <div class='ocr_carea' id='block_1_4' title="bbox 1459 517 1495 555">
    <p class='ocr_par' dir='ltr' id='par_1_15' title="bbox 1459 517 1495 555">
     <span class='ocr_line' id='line_1_57' title="bbox 1459 517 1495 555; baseline 0 0"><span class='ocrx_word' id='word_1_218' title='bbox 1459 517 1495 555; x_wconf 90' lang='lat' dir='ltr'>II</span> 
     </span>
    </p>
   </div>
   <div class='ocr_carea' id='block_1_5' title="bbox 908 607 2038 728">
    <p class='ocr_par' dir='ltr' id='par_1_16' title="bbox 908 607 2038 728">
     <span class='ocr_line' id='line_1_58' title="bbox 908 607 2038 664; baseline 0.004 -16"><span class='ocrx_word' id='word_1_219' title='bbox 908 607 1097 662; x_wconf 81' lang='lat' dir='ltr'>[Contra]</span> <span class='ocrx_word' id='word_1_220' title='bbox 1114 621 1191 660; x_wconf 81' lang='lat' dir='ltr'>ego</span> <span class='ocrx_word' id='word_1_221' title='bbox 1207 611 1329 650; x_wconf 89' lang='lat' dir='ltr'>dico:</span> <span class='ocrx_word' id='word_1_222' title='bbox 1349 623 1368 648; x_wconf 88' lang='lat'>«</span> <span class='ocrx_word' id='word_1_223' title='bbox 1387 623 1410 651; x_wconf 95' lang='lat' dir='ltr'>o</span> <span class='ocrx_word' id='word_1_224' title='bbox 1425 612 1603 658; x_wconf 83' lang='lat' dir='ltr'>Jehova‚</span> <span class='ocrx_word' id='word_1_225' title='bbox 1622 612 1831 652; x_wconf 88' lang='lat' dir='ltr'>miserere</span> <span class='ocrx_word' id='word_1_226' title='bbox 1847 614 1932 653; x_wconf 90' lang='lat' dir='ltr'>mei</span> <span class='ocrx_word' id='word_1_227' title='bbox 1950 613 1975 661; x_wconf 80' lang='lat'>(¹</span> <span class='ocrx_word' id='word_1_228' title='bbox 1987 613 2038 664; x_wconf 83' lang='grc'>),))</span> 
     </span>
     <span class='ocr_line' id='line_1_59' title="bbox 961 675 1876 728; baseline 0.004 -15"><span class='ocrx_word' id='word_1_229' title='bbox 961 686 1065 714; x_wconf 87' lang='lat' dir='ltr'>sana</span> <span class='ocrx_word' id='word_1_230' title='bbox 1082 675 1302 726; x_wconf 91' lang='lat' dir='ltr'>meipsum</span> <span class='ocrx_word' id='word_1_231' title='bbox 1326 676 1429 727; x_wconf 86' lang='lat' dir='ltr'>quia</span> <span class='ocrx_word' id='word_1_232' title='bbox 1452 677 1627 728; x_wconf 90' lang='lat' dir='ltr'>peccavi</span> <span class='ocrx_word' id='word_1_233' title='bbox 1649 683 1798 717; x_wconf 89' lang='lat' dir='ltr'>contra</span> <span class='ocrx_word' id='word_1_234' title='bbox 1822 683 1876 718; x_wconf 87' lang='lat' dir='ltr'>te.</span> 
     </span>
    </p>
   </div>
   <div class='ocr_carea' id='block_1_6' title="bbox 908 751 2037 872">
    <p class='ocr_par' dir='ltr' id='par_1_17' title="bbox 908 751 2037 872">
     <span class='ocr_line' id='line_1_60' title="bbox 908 751 1755 794; baseline 0.005 -5"><span class='ocrx_word' id='word_1_235' title='bbox 908 751 1081 791; x_wconf 90' lang='lat' dir='ltr'>Inimici</span> <span class='ocrx_word' id='word_1_236' title='bbox 1105 753 1190 792; x_wconf 92' lang='lat' dir='ltr'>mei</span> <span class='ocrx_word' id='word_1_237' title='bbox 1214 753 1368 793; x_wconf 90' lang='lat' dir='ltr'>dicunt</span> <span class='ocrx_word' id='word_1_238' title='bbox 1390 753 1556 793; x_wconf 87' lang='lat' dir='ltr'>malum</span> <span class='ocrx_word' id='word_1_239' title='bbox 1580 755 1632 794; x_wconf 94' lang='lat' dir='ltr'>de</span> <span class='ocrx_word' id='word_1_240' title='bbox 1655 765 1724 793; x_wconf 90' lang='lat' dir='ltr'>me</span> <span class='ocrx_word' id='word_1_241' title='bbox 1748 770 1755 794; x_wconf 72' lang='grc' dir='ltr'><strong>ς</strong></span> 
     </span>
     <span class='ocr_line' id='line_1_61' title="bbox 963 818 2037 872; baseline 0.002 -16"><span class='ocrx_word' id='word_1_242' title='bbox 963 829 978 852; x_wconf 84' lang='lat'>«</span> <span class='ocrx_word' id='word_1_243' title='bbox 1014 819 1193 867; x_wconf 80' lang='lat' dir='ltr'>quando</span> <span class='ocrx_word' id='word_1_244' title='bbox 1215 818 1429 858; x_wconf 84' lang='lat' dir='ltr'>morietur</span> <span class='ocrx_word' id='word_1_245' title='bbox 1447 824 1488 859; x_wconf 88' lang='lat' dir='ltr'>et</span> <span class='ocrx_word' id='word_1_246' title='bbox 1505 819 1665 870; x_wconf 83' lang='lat' dir='ltr'>peribit</span> <span class='ocrx_word' id='word_1_247' title='bbox 1683 830 1845 860; x_wconf 89' lang='lat' dir='ltr'>nomen</span> <span class='ocrx_word' id='word_1_248' title='bbox 1864 821 1959 872; x_wconf 88' lang='lat' dir='ltr'>ejus</span> <span class='ocrx_word' id='word_1_249' title='bbox 1980 821 2001 860; x_wconf 68' lang='grc' dir='ltr'>ἱ)</span> <span class='ocrx_word' id='word_1_250' title='bbox 2019 833 2037 858; x_wconf 95' lang='lat'>»</span> 
     </span>
    </p>
   </div>
   <div class='ocr_carea' id='block_1_7' title="bbox 908 893 2038 1142">
    <p class='ocr_par' dir='ltr' id='par_1_18' title="bbox 908 893 2038 1142">
     <span class='ocr_line' id='line_1_62' title="bbox 908 893 2038 945; baseline 0.002 -11"><span class='ocrx_word' id='word_1_251' title='bbox 908 895 956 934; x_wconf 92' lang='lat' dir='ltr'>Et</span> <span class='ocrx_word' id='word_1_252' title='bbox 978 895 1013 934; x_wconf 89' lang='lat' dir='ltr'>si</span> <span class='ocrx_word' id='word_1_253' title='bbox 1038 893 1167 945; x_wconf 67' lang='lat' dir='ltr'>[quis]</span> <span class='ocrx_word' id='word_1_254' title='bbox 1190 895 1358 935; x_wconf 88' lang='lat' dir='ltr'>accedit</span> <span class='ocrx_word' id='word_1_255' title='bbox 1379 896 1431 934; x_wconf 89' lang='lat' dir='ltr'>ad</span> <span class='ocrx_word' id='word_1_256' title='bbox 1458 896 1696 936; x_wconf 85' lang='lat' dir='ltr'>videndum</span> <span class='ocrx_word' id='word_1_257' title='bbox 1721 895 1836 944; x_wconf 88' lang='lat' dir='ltr'>[me]‚</span> <span class='ocrx_word' id='word_1_258' title='bbox 1863 899 2038 938; x_wconf 89' lang='lat' dir='ltr'>menda-</span> 
     </span>
     <span class='ocr_line' id='line_1_63' title="bbox 1671 960 2037 1013; baseline -0.003 -12"><span class='ocrx_word' id='word_1_259' title='bbox 1671 960 1804 1013; x_wconf 89' lang='lat' dir='ltr'>[cium</span> <span class='ocrx_word' id='word_1_260' title='bbox 1826 962 2037 1013; x_wconf 87' lang='lat' dir='ltr'>loquitur.</span> 
     </span>
     <span class='ocr_line' id='line_1_64' title="bbox 959 1025 1831 1077; baseline 0.001 -12"><span class='ocrx_word' id='word_1_261' title='bbox 959 1037 1033 1065; x_wconf 85' lang='lat' dir='ltr'>cor</span> <span class='ocrx_word' id='word_1_262' title='bbox 1053 1025 1147 1076; x_wconf 89' lang='lat' dir='ltr'>ejus</span> <span class='ocrx_word' id='word_1_263' title='bbox 1170 1030 1406 1076; x_wconf 81' lang='lat' dir='ltr'>congregat</span> <span class='ocrx_word' id='word_1_264' title='bbox 1426 1026 1708 1077; x_wconf 84' lang='lat' dir='ltr'>iniquitatem</span> <span class='ocrx_word' id='word_1_265' title='bbox 1732 1027 1831 1075; x_wconf 87' lang='lat' dir='ltr'>sibi,</span> 
     </span>
     <span class='ocr_line' id='line_1_65' title="bbox 958 1091 1650 1142; baseline 0 -13"><span class='ocrx_word' id='word_1_266' title='bbox 958 1091 1195 1141; x_wconf 77' lang='lat' dir='ltr'>egreditur,</span> <span class='ocrx_word' id='word_1_267' title='bbox 1220 1091 1274 1130; x_wconf 91' lang='lat' dir='ltr'>ad</span> <span class='ocrx_word' id='word_1_268' title='bbox 1296 1091 1413 1130; x_wconf 77' lang='lat' dir='ltr'>toras</span> <span class='ocrx_word' id='word_1_269' title='bbox 1436 1092 1650 1142; x_wconf 87' lang='lat' dir='ltr'>loquitur.</span> 
     </span>
    </p>
   </div>
   <div class='ocr_carea' id='block_1_8' title="bbox 1443 1198 1499 1237">
    <p class='ocr_par' dir='ltr' id='par_1_19' title="bbox 1443 1198 1499 1237">
     <span class='ocr_line' id='line_1_66' title="bbox 1443 1198 1499 1237; baseline -0.018 0"><span class='ocrx_word' id='word_1_270' title='bbox 1443 1198 1499 1237; x_wconf 94' lang='lat' dir='ltr'>III</span> 
     </span>
    </p>
   </div>
   <div class='ocr_carea' id='block_1_9' title="bbox 905 1292 1856 1408">
    <p class='ocr_par' dir='ltr' id='par_1_20' title="bbox 905 1292 1856 1408">
     <span class='ocr_line' id='line_1_67' title="bbox 905 1292 1856 1341; baseline 0.002 -10"><span class='ocrx_word' id='word_1_271' title='bbox 905 1292 1048 1331; x_wconf 88' lang='lat' dir='ltr'>Simul</span> <span class='ocrx_word' id='word_1_272' title='bbox 1065 1296 1216 1332; x_wconf 86' lang='lat' dir='ltr'>contra</span> <span class='ocrx_word' id='word_1_273' title='bbox 1237 1304 1304 1331; x_wconf 90' lang='lat' dir='ltr'>me</span> <span class='ocrx_word' id='word_1_274' title='bbox 1322 1298 1556 1332; x_wconf 85' lang='lat' dir='ltr'>susurrant</span> <span class='ocrx_word' id='word_1_275' title='bbox 1583 1305 1732 1333; x_wconf 86' lang='lat' dir='ltr'>osores</span> <span class='ocrx_word' id='word_1_276' title='bbox 1757 1294 1856 1341; x_wconf 80' lang='lat' dir='ltr'>mei,</span> 
     </span>
     <span class='ocr_line' id='line_1_68' title="bbox 957 1358 1821 1408; baseline 0 -11"><span class='ocrx_word' id='word_1_277' title='bbox 957 1362 1109 1397; x_wconf 89' lang='lat' dir='ltr'>contra</span> <span class='ocrx_word' id='word_1_278' title='bbox 1133 1369 1201 1396; x_wconf 91' lang='lat' dir='ltr'>me</span> <span class='ocrx_word' id='word_1_279' title='bbox 1223 1358 1474 1408; x_wconf 83' lang='lat' dir='ltr'>excogitant</span> <span class='ocrx_word' id='word_1_280' title='bbox 1499 1359 1663 1397; x_wconf 90' lang='lat' dir='ltr'>malum</span> <span class='ocrx_word' id='word_1_281' title='bbox 1685 1359 1792 1398; x_wconf 85' lang='lat' dir='ltr'>mihi</span> <span class='ocrx_word' id='word_1_282' title='bbox 1815 1374 1821 1397; x_wconf 89' lang='lat'>:</span> 
     </span>
    </p>
   </div>
   <div class='ocr_carea' id='block_1_10' title="bbox 905 1433 1982 1551">
    <p class='ocr_par' dir='ltr' id='par_1_21' title="bbox 905 1433 1982 1551">
     <span class='ocr_line' id='line_1_69' title="bbox 905 1433 1857 1486; baseline 0.004 -16"><span class='ocrx_word' id='word_1_283' title='bbox 905 1445 924 1470; x_wconf 89' lang='lat'>«</span> <span class='ocrx_word' id='word_1_284' title='bbox 958 1434 1040 1473; x_wconf 81' lang='lat' dir='ltr'>Res</span> <span class='ocrx_word' id='word_1_285' title='bbox 1062 1434 1212 1482; x_wconf 80' lang='lat' dir='ltr'>Belial,</span> <span class='ocrx_word' id='word_1_286' title='bbox 1239 1433 1481 1484; x_wconf 74' lang='lat' dir='ltr'>[dicentes]‚</span> <span class='ocrx_word' id='word_1_287' title='bbox 1506 1435 1653 1474; x_wconf 79' lang='lat' dir='ltr'>infusa</span> <span class='ocrx_word' id='word_1_288' title='bbox 1675 1433 1769 1486; x_wconf 86' lang='lat' dir='ltr'>[est]</span> <span class='ocrx_word' id='word_1_289' title='bbox 1802 1435 1857 1482; x_wconf 91' lang='lat' dir='ltr'>ei,</span> 
     </span>
     <span class='ocr_line' id='line_1_70' title="bbox 958 1499 1982 1551; baseline 0.001 -15"><span class='ocrx_word' id='word_1_290' title='bbox 958 1511 976 1536; x_wconf 79' lang='lat'>»</span> <span class='ocrx_word' id='word_1_291' title='bbox 1010 1504 1050 1538; x_wconf 89' lang='lat' dir='ltr'>et</span> <span class='ocrx_word' id='word_1_292' title='bbox 1073 1499 1148 1549; x_wconf 81' lang='lat' dir='ltr'>qui</span> <span class='ocrx_word' id='word_1_293' title='bbox 1173 1500 1389 1548; x_wconf 89' lang='lat' dir='ltr'>recubuit,</span> <span class='ocrx_word' id='word_1_294' title='bbox 1415 1511 1502 1539; x_wconf 90' lang='lat' dir='ltr'>non</span> <span class='ocrx_word' id='word_1_295' title='bbox 1524 1500 1702 1551; x_wconf 87' lang='lat' dir='ltr'>adjiciet</span> <span class='ocrx_word' id='word_1_296' title='bbox 1724 1511 1904 1550; x_wconf 83' lang='lat' dir='ltr'>surgere</span> <span class='ocrx_word' id='word_1_297' title='bbox 1928 1499 1935 1539; x_wconf 87' lang='lat'>!</span> <span class='ocrx_word' id='word_1_298' title='bbox 1963 1512 1982 1537; x_wconf 86' lang='lat'>»</span> 
     </span>
    </p>
   </div>
   <div class='ocr_carea' id='block_1_11' title="bbox 904 1577 1941 1747">
    <p class='ocr_par' dir='ltr' id='par_1_22' title="bbox 904 1577 1941 1747">
     <span class='ocr_line' id='line_1_71' title="bbox 904 1577 1941 1628; baseline 0.001 -13"><span class='ocrx_word' id='word_1_299' title='bbox 904 1577 995 1616; x_wconf 90' lang='lat' dir='ltr'>Imo</span> <span class='ocrx_word' id='word_1_300' title='bbox 1017 1577 1148 1616; x_wconf 84' lang='lat' dir='ltr'>homo</span> <span class='ocrx_word' id='word_1_301' title='bbox 1174 1577 1290 1627; x_wconf 84' lang='lat' dir='ltr'>pacis</span> <span class='ocrx_word' id='word_1_302' title='bbox 1314 1588 1449 1625; x_wconf 88' lang='lat' dir='ltr'>meae,</span> <span class='ocrx_word' id='word_1_303' title='bbox 1474 1577 1520 1616; x_wconf 93' lang='lat' dir='ltr'>in</span> <span class='ocrx_word' id='word_1_304' title='bbox 1542 1590 1629 1628; x_wconf 82' lang='lat' dir='ltr'>quo</span> <span class='ocrx_word' id='word_1_305' title='bbox 1651 1577 1941 1624; x_wconf 78' lang='lat' dir='ltr'>confidebam,</span> 
     </span>
     <span class='ocr_line' id='line_1_72' title="bbox 957 1643 1606 1692; baseline 0.002 -12"><span class='ocrx_word' id='word_1_306' title='bbox 957 1643 1232 1681; x_wconf 84' lang='lat' dir='ltr'>manducans</span> <span class='ocrx_word' id='word_1_307' title='bbox 1257 1654 1415 1692; x_wconf 86' lang='lat' dir='ltr'>panem</span> <span class='ocrx_word' id='word_1_308' title='bbox 1441 1654 1606 1689; x_wconf 86' lang='lat' dir='ltr'>meum,</span> 
     </span>
     <span class='ocr_line' id='line_1_73' title="bbox 956 1706 1661 1747; baseline 0.001 -2"><span class='ocrx_word' id='word_1_309' title='bbox 956 1708 1095 1746; x_wconf 91' lang='lat' dir='ltr'>elevat</span> <span class='ocrx_word' id='word_1_310' title='bbox 1116 1712 1265 1746; x_wconf 86' lang='lat' dir='ltr'>contra</span> <span class='ocrx_word' id='word_1_311' title='bbox 1287 1719 1356 1746; x_wconf 89' lang='lat' dir='ltr'>me</span> <span class='ocrx_word' id='word_1_312' title='bbox 1379 1708 1633 1747; x_wconf 88' lang='lat' dir='ltr'>calcaneum</span> <span class='ocrx_word' id='word_1_313' title='bbox 1653 1706 1661 1746; x_wconf 93' lang='lat'>!</span> 
     </span>
    </p>
   </div>
   <div class='ocr_carea' id='block_1_12' title="bbox 1444 1815 1497 1854">
    <p class='ocr_par' dir='ltr' id='par_1_23' title="bbox 1444 1815 1497 1854">
     <span class='ocr_line' id='line_1_74' title="bbox 1444 1815 1497 1854; baseline 0.019 -1"><span class='ocrx_word' id='word_1_314' title='bbox 1444 1815 1497 1854; x_wconf 92' lang='lat' dir='ltr'>IV</span> 
     </span>
    </p>
   </div>
   <div class='ocr_carea' id='block_1_13' title="bbox 902 1908 1740 2020">
    <p class='ocr_par' dir='ltr' id='par_1_24' title="bbox 902 1908 1740 2020">
     <span class='ocr_line' id='line_1_75' title="bbox 902 1908 1722 1956; baseline 0.002 -10"><span class='ocrx_word' id='word_1_315' title='bbox 902 1910 960 1947; x_wconf 90' lang='lat' dir='ltr'>Tu</span> <span class='ocrx_word' id='word_1_316' title='bbox 984 1914 1144 1955; x_wconf 85' lang='lat' dir='ltr'>autem,</span> <span class='ocrx_word' id='word_1_317' title='bbox 1169 1921 1192 1948; x_wconf 97' lang='lat' dir='ltr'>o</span> <span class='ocrx_word' id='word_1_318' title='bbox 1210 1910 1389 1956; x_wconf 77' lang='lat' dir='ltr'>Jehova,</span> <span class='ocrx_word' id='word_1_319' title='bbox 1412 1908 1620 1948; x_wconf 82' lang='lat' dir='ltr'>miserere</span> <span class='ocrx_word' id='word_1_320' title='bbox 1639 1909 1722 1948; x_wconf 90' lang='lat' dir='ltr'>mei</span> 
     </span>
     <span class='ocr_line' id='line_1_76' title="bbox 955 1972 1740 2020; baseline 0.001 -8"><span class='ocrx_word' id='word_1_321' title='bbox 955 1978 994 2012; x_wconf 89' lang='lat' dir='ltr'>et</span> <span class='ocrx_word' id='word_1_322' title='bbox 1016 1974 1196 2013; x_wconf 88' lang='lat' dir='ltr'>restitue</span> <span class='ocrx_word' id='word_1_323' title='bbox 1217 1986 1300 2020; x_wconf 80' lang='lat' dir='ltr'>me,</span> <span class='ocrx_word' id='word_1_324' title='bbox 1323 1979 1363 2013; x_wconf 90' lang='lat' dir='ltr'>et</span> <span class='ocrx_word' id='word_1_325' title='bbox 1383 1974 1623 2013; x_wconf 87' lang='lat' dir='ltr'>retribuam</span> <span class='ocrx_word' id='word_1_326' title='bbox 1646 1974 1708 2013; x_wconf 90' lang='lat' dir='ltr'>eis</span> <span class='ocrx_word' id='word_1_327' title='bbox 1731 1972 1740 2012; x_wconf 84' lang='lat'>!</span> 
     </span>
    </p>
   </div>
   <div class='ocr_carea' id='block_1_14' title="bbox 902 2050 1994 2166">
    <p class='ocr_par' dir='ltr' id='par_1_25' title="bbox 902 2050 1994 2166">
     <span class='ocr_line' id='line_1_77' title="bbox 902 2050 1886 2101; baseline 0 -12"><span class='ocrx_word' id='word_1_328' title='bbox 902 2050 948 2089; x_wconf 90' lang='lat' dir='ltr'>In</span> <span class='ocrx_word' id='word_1_329' title='bbox 968 2051 1049 2089; x_wconf 89' lang='lat' dir='ltr'>hoc</span> <span class='ocrx_word' id='word_1_330' title='bbox 1070 2062 1330 2101; x_wconf 78' lang='lat' dir='ltr'>cognoscam</span> <span class='ocrx_word' id='word_1_331' title='bbox 1349 2050 1452 2101; x_wconf 85' lang='lat' dir='ltr'>quia</span> <span class='ocrx_word' id='word_1_332' title='bbox 1471 2051 1719 2100; x_wconf 86' lang='lat' dir='ltr'>complaces</span> <span class='ocrx_word' id='word_1_333' title='bbox 1741 2051 1785 2089; x_wconf 91' lang='lat' dir='ltr'>in</span> <span class='ocrx_word' id='word_1_334' title='bbox 1805 2062 1886 2098; x_wconf 88' lang='lat' dir='ltr'>me,</span> 
     </span>
     <span class='ocr_line' id='line_1_78' title="bbox 954 2114 1994 2166; baseline -0.001 -11"><span class='ocrx_word' id='word_1_335' title='bbox 954 2117 1070 2166; x_wconf 84' lang='lat' dir='ltr'>quod</span> <span class='ocrx_word' id='word_1_336' title='bbox 1095 2127 1181 2155; x_wconf 91' lang='lat' dir='ltr'>non</span> <span class='ocrx_word' id='word_1_337' title='bbox 1203 2116 1409 2166; x_wconf 85' lang='lat' dir='ltr'>jubilabit</span> <span class='ocrx_word' id='word_1_338' title='bbox 1431 2115 1640 2155; x_wconf 87' lang='lat' dir='ltr'>inimicus</span> <span class='ocrx_word' id='word_1_339' title='bbox 1672 2127 1796 2155; x_wconf 89' lang='lat' dir='ltr'>meus</span> <span class='ocrx_word' id='word_1_340' title='bbox 1819 2116 1871 2156; x_wconf 91' lang='lat' dir='ltr'>de</span> <span class='ocrx_word' id='word_1_341' title='bbox 1894 2127 1962 2156; x_wconf 90' lang='lat' dir='ltr'>me</span> <span class='ocrx_word' id='word_1_342' title='bbox 1986 2114 1994 2154; x_wconf 77' lang='lat' dir='ltr'>l</span> 
     </span>
    </p>
   </div>
   <div class='ocr_carea' id='block_1_15' title="bbox 902 2192 2032 2373">
    <p class='ocr_par' dir='ltr' id='par_1_26' title="bbox 902 2192 2032 2373">
     <span class='ocr_line' id='line_1_79' title="bbox 902 2192 2029 2243; baseline 0.001 -12"><span class='ocrx_word' id='word_1_343' title='bbox 902 2193 950 2232; x_wconf 90' lang='lat' dir='ltr'>Et</span> <span class='ocrx_word' id='word_1_344' title='bbox 974 2204 1043 2231; x_wconf 91' lang='lat' dir='ltr'>me</span> <span class='ocrx_word' id='word_1_345' title='bbox 1073 2197 1251 2243; x_wconf 85' lang='lat' dir='ltr'>propter</span> <span class='ocrx_word' id='word_1_346' title='bbox 1278 2192 1577 2232; x_wconf 89' lang='lat' dir='ltr'>innocentiam</span> <span class='ocrx_word' id='word_1_347' title='bbox 1603 2204 1744 2231; x_wconf 89' lang='lat' dir='ltr'>meam</span> <span class='ocrx_word' id='word_1_348' title='bbox 1774 2192 2029 2240; x_wconf 86' lang='lat' dir='ltr'>sustinebis,</span> 
     </span>
     <span class='ocr_line' id='line_1_80' title="bbox 956 2257 2032 2297; baseline 0.001 -1"><span class='ocrx_word' id='word_1_349' title='bbox 956 2258 1087 2297; x_wconf 79' lang='lat' dir='ltr'>facies</span> <span class='ocrx_word' id='word_1_350' title='bbox 1117 2269 1187 2297; x_wconf 76' lang='lat' dir='ltr'>nie</span> <span class='ocrx_word' id='word_1_351' title='bbox 1215 2262 1328 2297; x_wconf 84' lang='lat' dir='ltr'>stare</span> <span class='ocrx_word' id='word_1_352' title='bbox 1356 2262 1457 2297; x_wconf 89' lang='lat' dir='ltr'>ante</span> <span class='ocrx_word' id='word_1_353' title='bbox 1485 2257 1642 2296; x_wconf 80' lang='lat' dir='ltr'>faciem</span> <span class='ocrx_word' id='word_1_354' title='bbox 1673 2262 1792 2296; x_wconf 88' lang='lat' dir='ltr'>tuam</span> <span class='ocrx_word' id='word_1_355' title='bbox 1821 2257 1868 2296; x_wconf 91' lang='lat' dir='ltr'>in</span> <span class='ocrx_word' id='word_1_356' title='bbox 1895 2261 2032 2297; x_wconf 85' lang='lat' dir='ltr'>aeter-</span> 
     </span>
     <span class='ocr_line' id='line_1_81' title="bbox 1876 2319 2030 2373; baseline 0 -12"><span class='ocrx_word' id='word_1_357' title='bbox 1876 2319 2001 2373; x_wconf 89' lang='lat' dir='ltr'>[num</span> <span class='ocrx_word' id='word_1_358' title='bbox 2022 2322 2030 2361; x_wconf 82' lang='lat' dir='ltr'>l</span> 
     </span>
    </p>
   </div>
   <div class='ocr_carea' id='block_1_16' title="bbox 1518 2450 2031 2503">
    <p class='ocr_par' dir='ltr' id='par_1_27' title="bbox 1518 2450 2031 2503">
     <span class='ocr_line' id='line_1_82' title="bbox 1518 2450 2031 2503; baseline 0.002 -12"><span class='ocrx_word' id='word_1_359' title='bbox 1518 2450 1772 2503; x_wconf 75' lang='lat' dir='ltr'>[noxomem</span> <span class='ocrx_word' id='word_1_360' title='bbox 1800 2463 1947 2491; x_wconf 78' lang='lat' dir='ltr'>FlNALE</span> <span class='ocrx_word' id='word_1_361' title='bbox 1976 2463 2031 2492; x_wconf 84' lang='lat' dir='ltr'>Du</span> 
     </span>
    </p>
   </div>
   <div class='ocr_carea' id='block_1_17' title="bbox 1007 2561 1923 2681">
    <p class='ocr_par' dir='ltr' id='par_1_28' title="bbox 1007 2561 1923 2681">
     <span class='ocr_line' id='line_1_83' title="bbox 1007 2561 1824 2613; baseline 0 -11"><span class='ocrx_word' id='word_1_362' title='bbox 1007 2561 1248 2603; x_wconf 60' lang='lat' dir='ltr'>Benedictus</span> <span class='ocrx_word' id='word_1_363' title='bbox 1270 2564 1353 2613; x_wconf 77' lang='lat' dir='ltr'>[sit]</span> <span class='ocrx_word' id='word_1_364' title='bbox 1374 2561 1538 2611; x_wconf 68' lang='lat' dir='ltr'>Jeleova,</span> <span class='ocrx_word' id='word_1_365' title='bbox 1558 2567 1588 2602; x_wconf 82' lang='lat' dir='ltr'><em>D</em></span> <span class='ocrx_word' id='word_1_366' title='bbox 1602 2576 1662 2602; x_wconf 63' lang='lat' dir='ltr'>*us</span> <span class='ocrx_word' id='word_1_367' title='bbox 1680 2561 1824 2611; x_wconf 73' lang='lat' dir='ltr'>lsrael,</span> 
     </span>
     <span class='ocr_line' id='line_1_84' title="bbox 1007 2627 1923 2681; baseline 0 -14"><span class='ocrx_word' id='word_1_368' title='bbox 1007 2627 1057 2667; x_wconf 75' lang='lat' dir='ltr'>ab</span> <span class='ocrx_word' id='word_1_369' title='bbox 1077 2629 1322 2668; x_wconf 72' lang='lat' dir='ltr'>aeternitate</span> <span class='ocrx_word' id='word_1_370' title='bbox 1337 2635 1374 2668; x_wconf 76' lang='lat' dir='ltr'>et</span> <span class='ocrx_word' id='word_1_371' title='bbox 1389 2640 1518 2681; x_wconf 72' lang='lat' dir='ltr'>usqne</span> <span class='ocrx_word' id='word_1_372' title='bbox 1534 2629 1578 2667; x_wconf 72' lang='lat' dir='ltr'>in</span> <span class='ocrx_word' id='word_1_373' title='bbox 1593 2631 1891 2668; x_wconf 57' lang='lat' dir='ltr'>aeternaitatem</span> <span class='ocrx_word' id='word_1_374' title='bbox 1911 2630 1923 2667; x_wconf 76' lang='grc' dir='ltr'><em>Ι</em></span> 
     </span>
    </p>
   </div>
   <div class='ocr_carea' id='block_1_18' title="bbox 1114 2705 1457 2745">
    <p class='ocr_par' dir='ltr' id='par_1_29' title="bbox 1114 2705 1457 2745">
     <span class='ocr_line' id='line_1_85' title="bbox 1114 2705 1457 2745; baseline 0.003 -1"><span class='ocrx_word' id='word_1_375' title='bbox 1114 2710 1241 2745; x_wconf 80' lang='lat' dir='ltr'>Amen</span> <span class='ocrx_word' id='word_1_376' title='bbox 1255 2711 1292 2744; x_wconf 80' lang='lat' dir='ltr'>et</span> <span class='ocrx_word' id='word_1_377' title='bbox 1312 2717 1431 2744; x_wconf 73' lang='lat' dir='ltr'>(tmen</span> <span class='ocrx_word' id='word_1_378' title='bbox 1449 2705 1457 2745; x_wconf 70' lang='grc' dir='ltr'>ἔ</span> 
     </span>
    </p>
   </div>
   <div class='ocr_carea' id='block_1_19' title="bbox 323 2825 2022 2869">
    <p class='ocr_par' dir='ltr' id='par_1_30' title="bbox 323 2825 2022 2869">
     <span class='ocr_line' id='line_1_86' title="bbox 323 2825 2022 2869; baseline 0.003 -14"><span class='ocrx_word' id='word_1_379' title='bbox 323 2827 367 2864; x_wconf 74' lang='grc' dir='ltr'>(Ι)</span> <span class='ocrx_word' id='word_1_380' title='bbox 391 2825 639 2858; x_wconf 78' lang='lat' dir='ltr'>C&#39;est-a-dire:</span> <span class='ocrx_word' id='word_1_381' title='bbox 664 2829 743 2866; x_wconf 90' lang='lat' dir='ltr'>Moi,</span> <span class='ocrx_word' id='word_1_382' title='bbox 764 2829 795 2867; x_wconf 75' lang='lat' dir='ltr'>ie</span> <span class='ocrx_word' id='word_1_383' title='bbox 819 2828 887 2859; x_wconf 87' lang='lat' dir='ltr'>n&#39;ai</span> <span class='ocrx_word' id='word_1_384' title='bbox 906 2837 967 2868; x_wconf 84' lang='lat' dir='ltr'>pas</span> <span class='ocrx_word' id='word_1_385' title='bbox 986 2830 1113 2860; x_wconf 81' lang='lat' dir='ltr'>trouve</span> <span class='ocrx_word' id='word_1_386' title='bbox 1134 2831 1191 2860; x_wconf 84' lang='lat' dir='ltr'>cet</span> <span class='ocrx_word' id='word_1_387' title='bbox 1209 2829 1353 2860; x_wconf 82' lang='lat' dir='ltr'>homme</span> <span class='ocrx_word' id='word_1_388' title='bbox 1373 2830 1632 2869; x_wconf 81' lang='lat' dir='ltr'>compatissant</span> <span class='ocrx_word' id='word_1_389' title='bbox 1649 2829 1667 2858; x_wconf 80' lang='lat' dir='ltr'>a</span> <span class='ocrx_word' id='word_1_390' title='bbox 1693 2837 1769 2860; x_wconf 92' lang='lat' dir='ltr'>mes</span> <span class='ocrx_word' id='word_1_391' title='bbox 1791 2828 2022 2860; x_wconf 76' lang='lat' dir='ltr'>soufirances.</span> 
     </span>
    </p>
   </div>
  </div>
 </body>
</html>
