2243 3568
246 264 279 298 7.
302 263 590 298 Convertentur
607 260 655 296 ad
673 269 760 295 ves—

199 325 343 362 peram:
356 318 393 350 et
406 315 545 349 famem
559 313 760 358 patientur

200 372 242 404 ut
265 378 394 408 canes,
428 366 442 380 ⁶
471 369 509 402 et
533 366 761 401 circuibunt

198 421 411 457 civitatem.

245 480 278 515 8.
298 480 393 514 Ecce
407 479 619 524 loquentur
636 479 674 512 in
694 489 760 513 ore

199 544 284 573 suo,
316 536 353 568 et
383 532 540 577 gladius
574 531 613 566 in
645 531 760 567 labiis

199 596 332 622 eorum
352 597 364 620 τ
397 585 416 604 ³*
450 584 635 630 quoniam
669 584 760 629 quis

198 636 384 675 audivit‘?

245 697 278 733 9.
304 697 349 732 Et
372 700 426 734 tu.
451 696 627 738 Domine,
656 695 760 731 deri-

199 751 309 786 debis
348 761 413 786 eos
450 749 470 769 *
507 750 557 785 ad
593 749 760 784 nihilum

199 804 368 839 deduces
388 813 523 839 omnes
543 805 693 848 gentes.

248 863 304 898 10.
327 862 615 898 Fortitudinem
637 871 760 897 meam

200 916 249 951 ad
294 918 330 950 te
380 914 600 950 custodiam
616 943 624 956 ,
670 914 761 959 quia

205 969 302 1004 Deus
319 971 524 1013 susceptor
536 977 647 1003 meus
660 977 700 1002 es
717 979 724 1002 :
743 967 763 987 *

248 1027 305 1062 11.
331 1028 432 1062 Deus
460 1037 583 1068 meus,
610 1026 760 1061 miseri-

201 1081 333 1116 cordia
352 1078 437 1126 ejus
453 1080 666 1126 praeveniet
686 1090 761 1115 me.

249 1140 306 1175 12.
332 1140 433 1174 Deus
460 1139 641 1174 ostendet
668 1139 762 1173 mihi

202 1203 320 1238 super
350 1192 530 1228 inimicos
564 1202 683 1234 meos,
716 1203 764 1227 ne

202 1246 356 1281 occidas
383 1255 476 1281 eos:
509 1246 528 1265 *
558 1246 765 1290 nequando

203 1299 491 1334 obliviscantur
511 1299 642 1344 populi
666 1299 757 1334 mei.

206 1352 393 1397 Disperge
426 1352 514 1387 illos
546 1352 584 1387 in
617 1352 764 1387 virtute

206 1408 270 1440 tua
293 1416 300 1439 :
320 1405 334 1418 '‘
355 1408 393 1440 et
413 1405 561 1450 depone
579 1416 657 1448 eos,
682 1415 764 1451 pro-

207 1461 330 1494 tector
347 1468 471 1500 meus,
493 1459 655 1494 Domine
677 1470 684 1501 ;

253 1517 308 1552 13.
325 1517 518 1552 Delictum
527 1519 764 1569 oris-eorum,

205 1580 424 1606 sermonem
446 1571 639 1606 labiorum
669 1572 766 1616 ipso-

207 1634 293 1659 rum
315 1635 321 1659 :
342 1623 357 1637 ³*
375 1627 412 1659 et
432 1625 767 1670 comprehendan-

209 1680 272 1712 tur
294 1677 333 1712 in
355 1677 537 1722 superbia
554 1688 637 1713 sua.
658 1679 702 1712 Et
722 1678 769 1713 de

208 1730 455 1766 execratione
491 1734 528 1766 et
567 1731 769 1766 mendacio

207 1783 567 1819 annuntiabuntur.

256 1842 369 1876 14.1n
383 1843 735 1878 consummatione:
750 1842 770 1861 *

209 1894 248 1929 in
269 1895 325 1930 ira
342 1896 709 1935 consummationis,
733 1896 771 1929 et

211 1958 288 1982 non
310 1951 440 1983 erunt.
465 1949 510 1983 Et
532 1949 658 1984 scient
680 1948 770 1994 quia

211 2001 312 2036 Deus
339 2002 609 2037 dominabitur
635 2002 768 2039 Jacob,

210 2056 229 2073 ³⁸*
250 2057 287 2089 et
309 2054 446 2089 finium
471 2058 599 2090 terrae.

257 2113 268 2147 Ἰ
279 2113 312 2148 5.
326 2113 616 2148 Convertentur
627 2113 676 2149 ad
688 2124 769 2149 ves-

208 2176 354 2212 peram,
366 2170 404 2202 et
418 2166 556 2202 famem
570 2166 771 2211 patientur

209 2222 252 2255 ut
278 2229 394 2255 canes
418 2231 425 2255 ε
446 2218 459 2232 ⁹*
486 2222 524 2255 et
545 2219 772 2256 circuibunt

209 2273 426 2308 civitatem.

257 2331 313 2366 16.
332 2331 409 2376 Ipsi
427 2331 708 2376 dispergentur
723 2332 772 2367 ad

211 2385 526 2420 manducandum
553 2396 558 2419 :
590 2384 603 2397 *
624 2385 655 2419 si
681 2396 772 2420 vero

211 2448 287 2472 non
329 2438 476 2472 tuerint
515 2439 697 2478 saturati,
734 2442 772 2474 et

211 2491 529 2526 murmurabunt.

258 2550 313 2584 17.
340 2550 416 2595 Ego
445 2553 575 2585 autem
606 2551 772 2586 cantabo

212 2602 483 2638 fortitudinem
518 2606 621 2638 tuam
654 2615 660 2638 :
691 2603 702 2617 ⁵⁶
735 2608 773 2639 et

212 2655 395 2690 exultabo
418 2666 530 2691 mane
552 2658 773 2693 misericor-

212 2708 314 2743 diam
336 2712 453 2743 tuam.
475 2710 570 2752 Quia
590 2711 716 2746 factus
732 2721 772 2746 es

212 2764 416 2805 susceptor
438 2772 560 2801 meus,
576 2763 594 2781 ³⁸
613 2766 650 2799 et
672 2764 771 2798 retu<

212 2813 319 2858 gium
342 2824 484 2855 meum,
508 2815 544 2849 in
567 2816 629 2851 die
652 2817 771 2851 tribu-

215 2866 373 2901 lationis
395 2877 503 2902 meze.

266 2926 317 2959 is.
357 2924 524 2970 Adjutor
558 2936 667 2961 meus
703 2927 771 2962 tibi

215 2977 390 3022 psallam,
428 2978 517 3022 quia
553 2979 652 3013 Deus
684 2990 773 3014 sus—

214 3033 346 3074 ceptor
380 3040 490 3065 meus
524 3042 593 3065 es:
627 3032 639 3044 ⁴
675 3033 773 3067 {leus

214 3092 324 3118 meus
345 3083 614 3119 misericordIa
635 3094 730 3120 mea.

277 3200 286 3237 (

278 3241 285 3279 (

962 134 1197 176 -156-

834 263 1112 299 Revertantur
1128 259 1181 298 ad
1194 269 1415 310 vesperam,
1434 255 1619 310 fremunt
1632 264 1679 298 ut
1693 260 1822 307 cam'8,

888 335 924 369 ec
938 331 1195 369 circumeunt
1223 326 1366 368 urbem
1384 339 1396 368 .·

836 419 942 457 Ecce
963 417 1184 457 ebulliunt
1205 417 1250 456 in
1268 428 1342 456 ore
1363 428 1457 464 suo,

887 488 1021 539 gladii
1044 486 1178 539 [sunt]
1198 488 1244 527 in
1267 487 1396 527 labiis
1417 499 1587 534 eorum,
1621 487 1666 537 (¹)
1690 486 1965 539 [dicentium]

888 559 992 610 quia
1018 559 1090 608 (²):
1117 570 1137 596 «
1160 558 1367 609 quisnam
1391 557 1550 598 audit?
1574 570 1593 594 »

837 647 920 686 Sed
944 652 1005 694 tu,
1031 658 1055 686 o
1075 647 1254 693 Jehova,
1278 646 1453 686 derides
1477 658 1565 692 eos,

889 718 1049 757 irrides
1071 728 1224 757 omnes
1246 722 1412 768 gentes.

837 808 866 846 Ο
885 804 1086 858 fortitudo
1105 817 1211 854 mea,
1235 806 1288 846 ad
1309 811 1345 845 te
1365 804 1546 854 attendo,

889 879 989 931 quia
1008 875 1168 917 Elohz'm
1188 889 1268 917 arx
1286 889 1376 917 mea
1398 875 1486 929 [est]

892 947 960 1001 [et]
985 952 1088 988 Deus
1110 946 1310 988 bonitatis
1330 959 1441 988 meae
1461 948 1469 987 1

1386 1111 1420 1149 11

839 1247 985 1299 [Deus]
1008 1246 1260 1297 praeveniat
1281 1258 1366 1291 me,

893 1319 1008 1357 Deus
1026 1318 1158 1358 iaciat
1176 1329 1246 1357 me
1260 1317 1551 1368 contemplari
1567 1317 1614 1356 in
1629 1313 1827 1354 inimicis
1842 1313 1968 1360 meis,

841 1407 901 1446 Ne
923 1404 1106 1458 [tamen]
1138 1407 1312 1446 occidas
1338 1418 1411 1446 eos
1432 1408 1666 1457 nequando
1687 1408 1975 1448 obliviscatur

1601 1479 1809 1529 [populus
1831 1490 1973 1526 meus,

895 1548 962 1588 fac
989 1559 1062 1588 eos
1093 1548 1240 1599 vagari
1268 1560 1343 1599 per
1366 1548 1575 1588 virtutem
1606 1553 1743 1596 tuam,
1768 1554 1809 1589 et
1836 1549 1975 1600 dejice

895 1620 1075 1671 clypeus
1096 1624 1248 1659 noster
1267 1620 1435 1659 Adonai
1456 1618 1464 1658 ἔ
1868 1619 1973 1668 [eos‚

844 1708 1073 1747 Peccatum
1105 1708 1194 1748 oris
1222 1719 1373 1748 eorum
1406 1707 1502 1761 [est]
1533 1709 1717 1748 verbum
1754 1709 1973 1749 labiorum

897 1778 1130 1829 capiantur
1152 1784 1330 1829 propter
1351 1766 1586 1819 elationem
1611 1792 1752 1828 suam,
1787 1779 1972 1832 [em-um,

898 1854 938 1888 et
969 1850 1021 1888 de
1056 1843 1380 1897 maledictione,
1410 1855 1452 1889 et
1484 1852 1536 1890 de
1568 1851 1801 1890 mendacio
1828 1848 1972 1902 [quae]

1723 1921 1973 1971 [enarrant;

846 2008 1027 2047 Destrue
1046 2008 1091 2047 in
1114 2008 1176 2047 ira
1200 2006 1323 2053 [eos],
1348 2010 1525 2049 destrue
1546 2010 1604 2048 ita
1631 2014 1676 2049 ut
1698 2021 1785 2048 non
1808 2009 1910 2056 sint,

899 2082 940 2117 et
961 2078 1131 2117 discant
1153 2079 1255 2129 quia
1282 2080 1394 2118 Deus
1411 2078 1506 2127 [est]
1523 2080 1756 2119 dominans
1780 2080 1821 2118 iu
1841 2079 1975 2119 Jacob

898 2147 1070 2200 [usque]
1094 2150 1145 2187 ad
1170 2149 1382 2189 terminos
1404 2149 1570 2189 terrae!
1782 2206 1804 2238 Q
1828 2200 1840 2240 l
1871 2200 1896 2241 h

1777 2214 1824 2242 ee
1843 2214 1866 2241 α
1906 2233 1914 2242 .

846 2305 896 2341 Et
916 2306 1185 2341 revertuntur
1204 2303 1257 2341 ad
1275 2314 1497 2354 vesperam,
1521 2301 1707 2355 fremunt
1727 2308 1772 2342 ut
1792 2303 1922 2351 canis,

899 2380 935 2413 et
953 2377 1209 2413 circumeunt
1229 2373 1369 2413 urbem
1390 2385 1402 2413 .·

846 2464 933 2514 Ipsi
957 2463 1272 2514 disperguntur
1295 2464 1347 2503 ad
1372 2464 1748 2511 manducandum,

899 2535 1002 2585 quia
1027 2533 1073 2584 (³)
1096 2546 1181 2573 non
1205 2539 1459 2574 saturantur
1480 2535 1578 2574 ideo
1604 2538 1896 2574 murmurant.

847 2623 933 2673 Ego
956 2634 1056 2662 vero
1078 2623 1262 2662 cantabo
1285 2624 1593 2663 tortitudinem
1615 2629 1750 2671 tuam,

899 2699 940 2732 et
960 2694 1189 2733 exsultabo
1211 2705 1233 2732 a
1256 2694 1454 2734 diluculo
1477 2694 1716 2734 bonitatem
1740 2698 1859 2734 tuam
1885 2707 1893 2732 t

846 2782 953 2839 Quia
975 2781 1115 2821 factus
1137 2793 1182 2821 es
1202 2794 1281 2822 arx
1305 2794 1397 2822 mea

893 2857 941 2892 et
962 2852 1181 2903 refugium
1206 2854 1251 2892 in
1275 2854 1344 2893 die
1367 2853 1666 2893 tribulationis
1690 2853 1814 2892 mihi.

848 2943 876 2979 O
896 2938 1102 2992 fortitudo
1121 2952 1223 2989 mea,
1245 2941 1297 2980 ad
1315 2946 1350 2980 te
1370 2941 1575 2992 psallann

899 3011 997 3063 quia
1018 3008 1180 3050 Elohz'm
1200 3005 1283 3050 arr
1297 3022 1387 3050 mea
1409 3010 1497 3063 [esc]

900 3079 969 3133 [et]
988 3085 1094 3120 Deus
1111 3079 1308 3121 bonitatis
1328 3093 1439 3122 meae
1456 3081 1464 3121 Ξ

292 3200 320 3237 1)
345 3199 395 3245 Qu
415 3209 421 3229 :
448 3207 532 3244 aceo
553 3199 611 3231 des
633 3199 856 3240 11laspm³11aes
873 3210 939 3233 sur
958 3203 1007 3234 les
1033 3203 1158 3244 leores,
1183 3214 1225 3236 en
1246 3205 1353 3237 lisant
1375 3204 1528 3245 harsoth
1549 3215 1638 3246 pour
1660 3204 1829 3237 harboth.

291 3240 322 3278 ⁶2)
341 3240 396 3277 Ιιι,
420 3248 523 3281 quia,
546 3243 643 3282 signe
665 3243 710 3273 du
729 3244 888 3275 discours
908 3245 1031 3278 direct.
