2243 3568
965 245 1203 286 —170—

246 369 306 409 12.
353 369 561 405 Benedices
606 379 760 405 coronae

197 418 289 452 anni
310 417 569 463 benignitatis
591 420 704 457 tuan*
723 420 762 452 et

198 465 358 510 campi
401 465 455 500 tui
501 465 760 510 replebuntur

199 513 389 548 ubertate.

244 560 300 595 13.
326 560 589 605 pinguescent
608 560 758 605 specio-

196 608 398 643 sa'deserti
415 614 445 649 :³ss
461 611 497 643 et
513 608 757 643 exultatione

194 655 313 691 colles
333 656 604 701 accingentur.

244 703 299 737 14.
324 703 455 738 Induti
490 706 582 738 sunt
614 703 758 739 arietes

194 750 339 790 ovium,
364 754 401 786 et
429 750 551 786 valles
585 751 756 787 abunda-

194 798 293 833 bunt
326 798 546 838 frumento:
570 804 588 822 *²
618 798 757 833 clama-

194 846 306 883 bunt.
327 846 472 881 etenim
492 846 681 893 hymnum
702 846 755 882 di-

192 896 294 929 cent.

835 371 1024 411 Coronas
1046 383 1209 411 annum
1235 371 1428 412 bonitate
1452 377 1538 419 tua,

887 454 929 489 et
950 450 1131 489 semitae
1154 453 1252 489 tuae
1274 449 1493 489 distillant
1515 449 1829 501 pinguedinem
1851 466 1858 499 ;

835 539 1058 587 Distillant
1078 550 1238 589 pascua
1258 539 1420 579 deserti
1447 538 1494 590 (¹)

887 622 926 657 et
947 617 1239 657 exsultatione
1261 617 1393 656 colles
1413 617 1706 667 accinguntur
1728 631 1737 664 ·,

834 708 1084 746 Induuntur
1105 717 1264 756 pascua
1287 706 1495 757 gregibus

885 790 926 824 et
946 785 1078 824 valles
1101 785 1363 835 operiuntur
1388 785 1610 824 frumento
1631 798 1639 824 :

884 862 1089 913 jubilant,
1115 861 1203 902 imo
1221 866 1388 903 canunt
1413 863 1419 901 l

1544 1011 1774 1057 PSAUME
1805 1013 1959 1058 LXVI.

271 1142 471 1196 Caurique
511 1141 690 1182 (ἰάσεὶοη
724 1143 768 1182 dc
795 1142 916 1195 yrdce
948 1154 1053 1194 pom·
1083 1140 1135 1182 les
1177 1140 1370 1194 biensaits
1404 1141 1592 1183 acam-ders
1634 1142 1657 1182 ἁ
1689 1141 1818 1182 [srael
1854 1148 1891 1183 et
1922 1140 1962 1182 la

190 1206 419 1248 ciclico-auce
436 1206 533 1248 d'un
546 1206 682 1260 grand
695 1207 864 1259 danqcr,
880 1206 920 1248 la
937 1208 1134 1259 premere
1147 1210 1283 1260 partie
1300 1220 1394 1248 sous
1406 1208 1536 1261 forme
1548 1207 1750 1248 collective
1768 1210 1864 1259 (υ.1-
1876 1209 1959 1258 12),
2004 1233 2010 1239 -

191 1272 230 1313 la
250 1274 415 1313 seconde
435 1286 530 1313 sons
550 1273 678 1325 forme
700 1271 981 1321 individuale,
1003 1274 1110 1314 mais
1131 1272 1368 1326 facilemcnc
1386 1272 1613 1326 applicable
1633 1286 1688 1314 au
1705 1274 1846 1326 peuplc
1872 1279 1960 1314 tout

189 1341 332 1380 entier.
364 1363 414 1367 -—-
449 1340 551 1392 Celnq
580 1337 776 1391 strophe&
808 1340 1069 1389 1νθηβενῖηαηῐ
1099 1337 1279 1380 chaceme
1311 1337 1430 1393 (saus
1454 1340 1494 1380 la
1524 1339 1768 1393 quatricme)
1799 1339 1832 1379 le
1863 1351 1958 1380 nom

244 1464 364 1505 LXV.
414 1488 466 1494 —
508 1467 553 1505 ΙΝ
609 1478 749 1514 rinnai,
972 1466 1291 1506 PnAECENToni:
1339 1477 1561 1514 οΛΝτιουΜ,
1610 1476 1810 1506 PSALMUS.

190 1518 225 1557 1.
257 1519 468 1559 CAN'ricUM
503 1532 653 1559 PSALMI
684 1533 752 1559 ni:-

188 1584 500 1613 SURRECTIONIS.
1384 1573 1400 1613 Ι

189 1657 407 1740 tessgbilflte
468 1659 556 1700 Deo,
622 1659 750 1693 omnis
823 1665 1016 1706 Jubilate
1039 1667 1132 1712 Βθο,
1165 1664 1311 1704 omnis
1333 1668 1466 1712 terra,

234 1753 268 1787 ⁶2.
293 1753 488 1788 Psalmum
526 1754 643 1789 dicite
681 1765 750 1788 no—

188 1800 283 1834 mini
307 1798 415 1845 ejus3
437 1801 454 1819 *ᾗ
479 1802 567 1837 date
584 1802 748 1847 gloriam

190 1847 292 1883 laudi
322 1846 425 1893 ejus.

236 1895 268 1928 23.
327 1896 450 1931 Dicite
493 1897 569 1931 Deo
590 1908 595 1931 :
635 1907 750 1941 quam

190 1942 379 1977 terribilia
401 1946 494 1978 sunt
531 1954 645 1987 opera
672 1947 750 1982 tua,

192 1988 374 2025 Domine!
398 1990 415 2009 ³⁸
443 1991 479 2025 in
498 1991 752 2026 multitudine

190 2037 349 2072 virtutis
395 2040 471 2072 tun·
511 2038 753 2073 mentientur

190 2084 259 2119 tibi
276 2085 422 2120 inimici
445 2086 514 2121 lui.

236 2133 269 2166 4.
288 2133 423 2167 onmis
441 2136 541 2168 terra
555 2134 687 2169 adoret
703 2136 750 2171 te,

188 2182 222 2213 et
243 2180 381 2224 psallat
407 2180 474 2215 tibi
499 2181 544 2223 ;*
559 2181 751 2226 psalmum

187 2227 288 2262 dicat
310 2228 457 2263 nomini
482 2231 560 2264 tuo.

235 2275 268 2309 5.
291 2275 440 2315 Venite,
461 2279 495 2311 et
520 2276 648 2312 videte
665 2286 750 2321 ope-

189 2332 227 2357 ra
250 2323 338 2364 Dei:
360 2322 377 2341 1*
400 2323 591 2359 terribilis
610 2324 648 2359 in
664 2334 751 2359 con-

188 2370 291 2405 siliis
333 2381 450 2416 super
491 2371 592 2407 filios
632 2371 751 2406 homi-

187 2428 293 2452 num.

233 2465 266 2497 6.
292 2466 362 2509 Qui
379 2466 572 2501 convertit
590 2476 696 2502 mare
712 2467 751 2502 in

186 2512 349 2551 aridam.
392 2514 429 2548 in
468 2514 630 2548 ssumine
663 2525 751 2560 per—

189 2560 416 2596 transibunt
462 2562 582 2607 pede;
627 2562 644 2581 ‘³‘
698 2562 748 2597 ibi

188 2607 409 2643 lwtabimur
431 2609 469 2643 in
494 2609 589 2653 ipso.

234 2655 266 2688 7.
288 2655 356 2697 Qui
372 2656 597 2690 dominatur
618 2656 654 2691 in
675 2657 749 2691 vir-

188 2704 268 2735 tute
326 2713 393 2737 sua
450 2704 486 2737 in
540 2702 747 2743 zeter'num.

186 2749 285 2783 oculi
336 2748 421 2794 ejus
457 2761 575 2795 super
613 2754 750 2793 gentes

188 2796 404 2840 respiciunt
422 2808 429 2835 ς
450 2798 466 2815 l*
492 2798 556 2842 qui
592 2809 747 2843 exaspe

187 2846 275 2877 rant
294 2853 370 2878 non
390 2845 613 2879 exaltentur
636 2846 673 2879 in
694 2856 747 2880 se-

187 2890 379 2934 metipsis.

233 2937 267 2972 8.
311 2938 542 2976 Benedicite,
599 2942 748 2982 gentes,

190 2985 307 3019 Deum
328 2988 531 3025 n‹›strurn;
553 2985 571 3003 *
590 2989 623 3020 et
644 2987 749 3020 audi-

187 3034 262 3066 tam
298 3032 411 3067 facite
449 3043 580 3067 vocem
621 3033 749 3067 laudis

186 3076 285 3123 ejus.

233 3126 265 3160 9.
296 3126 365 3169 Qui
407 3127 537 3170 posuit
581 3127 748 3161 animam

187 3183 309 3207 meam
337 3174 385 3209 ad
407 3174 523 3208 vitam
550 3184 556 3212 ;
579 3174 597 3191 ἕ
616 3177 649 3207 et
675 3184 748 3208 non

186 3221 290 3255 dedit
348 3221 386 3255 in
451 3221 749 3256 commotionem

186 3268 302 3312 pedes
324 3278 443 3303 meos.

880 1731 1053 1781 psallite
1079 1731 1266 1781 gloriam
1291 1730 1488 1770 nominis
1510 1729 1620 1781 ejus,

878 1796 1084 1846 apponite
1100 1796 1284 1847 gloriam
1311 1795 1431 1835 laudi
1455 1796 1572 1846 ejus;

827 1861 964 1900 Dicite
986 1862 1073 1901 Deo
1092 1873 1223 1912 quam
1248 1861 1507 1900 admiranda
1540 1859 1673 1912 [sunt]
1697 1870 1828 1910 opera
1848 1858 1956 1909 ejus,

881 1931 1058 1977 propter
1082 1926 1434 1977 magnitudinem
1460 1925 1679 1976 potentiae
1701 1929 1815 1972 tuae,
1841 1935 1957 1962 men-

1297 1992 1479 2039 [tientur
1498 2002 1598 2041 erga
1620 1995 1660 2029 te
1681 1988 1853 2029 inimici
1877 1988 1956 2035 tui,

827 2056 980 2095 Omnis
1003 2061 1114 2096 terra
1138 2057 1318 2095 adorent
1342 2061 1382 2095 te

880 2125 921 2160 et
937 2122 1125 2171 psallant
1146 2121 1242 2168 tibi,
1268 2121 1459 2172 psallant
1482 2120 1651 2160 nomini
1674 2118 1767 2159 tuo!

1767 2181 1898 2224 Selali.

1349 2264 1409 2309 ,ΙΙ

825 2366 980 2406 Venite
1003 2372 1043 2406 et
1064 2367 1207 2406 videte
1229 2377 1357 2417 opera
1383 2365 1452 2404 Dei

878 2433 1091 2473 terribilis
1115 2432 1309 2472 facinore
1332 2444 1463 2482 super
1481 2431 1595 2470 tilios
1618 2429 1837 2470 hominis:

825 2498 1047 2539 Convertit
1069 2510 1190 2538 mare
1211 2498 1257 2537 in
1279 2498 1466 2537 aridam.
1746 2502 1751 2505 ⁴

879 2564 923 2603 in
946 2564 1130 2603 flumine
1152 2563 1505 2614 pertransierunt
1525 2563 1632 2614 pede
1656 2561 1820 2610 [sicco],

825 2631 944 2670 Tunc
966 2630 1065 2669 laeti
1088 2629 1256 2669 luimus
1278 2629 1324 2667 in
1345 2638 1418 2675 eo;

877 2696 1113 2735 dominans
1135 2706 1212 2745 per
1232 2694 1438 2733 virtutem
1463 2704 1588 2731 suam
1611 2692 1688 2741 [in]
1707 2691 1950 2737 saeculum,

824 2762 945 2800 Oculi
968 2762 1062 2810 eius
1082 2761 1128 2799 in
1150 2759 1357 2810 gentibus
1379 2762 1674 2809 prospectant,

879 2827 1062 2865 rebelles
1085 2837 1137 2865 ne
1156 2825 1427 2865 extollantur
1447 2823 1530 2862 sibi
1553 2823 1561 2861 l
1817 2883 1829 2924 l
1861 2883 1882 2925 h

1767 2888 1813 2925 Sc
1831 2896 1857 2925 a
1892 2917 1898 2923 .

1361 2966 1416 3005 III

827 3067 1088 3115 Benedicite,
1115 3067 1281 3117 populi,
1309 3070 1432 3105 Deum
1449 3069 1650 3104 nostrum

878 3138 917 3171 et
939 3133 1066 3171 tacite
1087 3132 1240 3171 audire
1265 3122 1410 3171 voc'em
1438 3130 1581 3169 laudis
1602 3129 1719 3179 ejus:

826 3197 900 3234 Ille
923 3208 1089 3247 ponens
1110 3197 1302 3236 animam
1326 3200 1521 3236 nostram
1546 3195 1590 3234 in
1614 3193 1747 3232 vitam
1797 3190 1948 3243 [trum.

879 3267 920 3301 et
951 3273 1035 3301 non
1068 3262 1187 3301 dedit
1216 3262 1260 3300 in
1292 3261 1631 3301 commotionem
1664 3258 1817 3309 pedem
1852 3267 1949 3295 nos-

250 3385 292 3424 (1)
311 3383 453 3416 Midbar
469 3384 606 3425 signitie
627 3384 743 3415 de'sert
763 3393 806 3416 ou
828 3385 1056 3425 simplement
1077 3391 1278 3424 campoque
1299 3382 1486 3415 inhabitate
1500 3391 1583 3414 avec
1602 3382 1804 3422 paturages.
