2243 3568
250 289 307 322 17.
327 286 475 322 Exaudi
494 297 568 327 me
587 285 763 326 Domine

202 335 386 381 quoniam
399 334 569 379 benigna
582 334 642 367 est
653 331 767 367 mise-

203 382 371 418 ricordia
390 384 481 423 tua3
508 379 766 415 *secundum

204 428 497 464 multitudinem
546 426 766 462 miseratio-

204 486 297 512 num
310 479 465 511 tuarum
477 474 628 519 respice
638 474 678 508 in
692 484 764 509 me.

254 524 308 558 is.
334 523 378 558 Et
393 533 441 558 ne
458 525 613 557 avertas
630 521 767 556 faciem

206 574 311 606 tuam
338 580 359 605 a
387 580 507 614 puero
529 572 609 610 tuo,
629 569 647 588 '¹‘
671 576 768 614 quo-

206 618 309 653 niam
356 617 539 657 tribulor,
582 616 768 652 velociter

206 665 346 701 exaudi
369 675 441 700 me

259 712 310 747 ¹9.
326 712 487 747 Intende
501 711 643 746 animae
659 721 767 750 meae

207 763 244 795 et
272 760 394 795 libera
424 769 536 802 ea1n;
566 758 585 778 ³¹²
613 762 771 804 propter

207 807 388 842 inimicos
407 816 513 842 meos
532 806 638 851 eripe
658 816 730 840 me.

253 854 312 890 20.
326 854 381 889 Tu
397 854 476 890 scis
490 853 770 899 improperium

208 912 335 937 meum
355 930 363 943 ‚
411 904 449 936 et
499 901 770 937 confusionem

208 959 346 991 meam,
382 948 401 968 *¹²
440 952 478 984 et
513 948 770 984 reverentiam

207 1006 345 1032 meam.

254 1044 312 1079 21.
360 1044 403 1078 ln
445 1047 659 1088 conspectu
707 1045 773 1077 tuo

209 1094 304 1127 sunt
324 1101 459 1127 omnes
484 1091 551 1136 qui
579 1090 773 1126 tribulant

209 1149 282 1181 me,
297 1140 316 1158 *
341 1138 620 1184 improperium
639 1147 771 1182 expec-

141 1224 170 1237 ν
209 1186 306 1221 tavit
333 1196 398 1221 cor
426 1196 567 1223 meum,
591 1189 628 1221 et
656 1185 773 1220 mise-

84 1346 171 1441 ω

77 1449 90 1468 Ι

75 1651 146 1703 1ΚὲΧ

210 1234 325 1269 riam.
355 1233 399 1268 Et
426 1233 601 1269 sustinui
630 1233 695 1277 qui
719 1232 773 1267 si—

209 1281 290 1316 mul
306 1280 622 1318 contristaretur.
640 1283 677 1315 et
695 1290 772 1314 non

210 1328 285 1363 fuit
308 1339 316 1370 ;
348 1328 366 1347 ²³*
391 1330 429 1363 et
455 1328 522 1372 qui
549 1327 772 1362 consolare-

209 1378 287 1416 tur,
311 1377 349 1410 et
370 1385 447 1410 non
470 1374 617 1410 inveni.

254 1423 312 1457 22.
326 1422 369 1457 Et
384 1422 578 1458 dederunt
592 1422 631 1457 in
644 1431 772 1457 escam

208 1480 331 1505 meam
353 1470 428 1512 iel;
454 1469 472 1488 ³⁸
491 1473 528 1505 et
547 1470 587 1504 in
607 1469 672 1505 siti
690 1479 772 1504 mea

207 1520 442 1563 potaverunt
463 1527 522 1551 me
543 1519 664 1552 aceto,

254 1564 318 1599 23.
360 1564 443 1599 Fiat
473 1574 607 1599 mensa
638 1574 771 1598 eorum

154 1610 169 1622 ³
207 1622 337 1648 coram
360 1612 457 1656 ipsis
480 1611 519 1646 in
548 1611 729 1656 laqueum
754 1611 772 1629 ᾗ

207 1659 304 1694 etin
340 1659 637 1701 retributiones,
661 1661 698 1694 et
732 1658 770 1692 in

133 1728 148 1744 J
208 1706 451 1742 scandalum.

133 1855 144 1890 i

99 1897 131 1919 ν.

253 1754 315 1789 ⁶24.
359 1754 632 1789 Obscurentur
668 1753 771 1789 oculi

208 1811 341 1835 eorum
380 1811 427 1835 ne
462 1801 651 1843 videant3
681 1801 700 1820 *ἶ
736 1804 773 1835 et

208 1848 369 1883 dorsum
389 1858 521 1883 eorum
541 1858 694 1893 semper
711 1848 772 1882 in-

209 1905 342 1930 curva.

255 1942 313 1977 25.
351 1942 514 1977 EtIunde
550 1946 667 1987 super
707 1953 772 1977 eos

209 1989 305 2024 iram
324 1992 449 2031 tuam3
478 1989 496 2007 *θ
521 1992 558 2024 et
578 1990 684 2024 furor
704 1989 772 2024 irae

210 2040 286 2072 tuae
308 2036 612 2081 comprehendat
633 2047 711 2071 eos.

255 2084 312 2118 26.
331 2084 414 2119 Fiat
433 2084 622 2119 habitatio
639 2094 772 2118 eorum

208 2131 390 2173 deserta;
414 2131 431 2149 *⁸
456 2134 493 2166 et
528 2131 565 2165 in
595 2131 771 2166 taberna

103 2188 180 2222 *32
208 2178 308 2213 culis
343 2188 476 2214 eorum
512 2189 589 2213 non
621 2178 673 2213 sit
706 2179 771 2223 qui

103 2864 138 2887 V

208 2225 413 2261 inhabitet.

254 2273 312 2307 27.
355 2273 543 2316 (luoniam
583 2284 695 2318 quem
732 2276 772 2307 tu

208 2320 463 2365 percussisti,
507 2320 770 2366 persecuti

209 2370 328 2406 sunt:
352 2368 369 2386 *Κ
395 2372 432 2403 et
454 2379 571 2413 super
599 2368 771 2403 dolorem

209 2415 416 2450 vulnerum
431 2426 603 2450 meorum
617 2415 770 2451 addide-

195 2465 315 2496 runt.

150 2848 200 2858 ,f

254 2509 312 2544 28.
337 2511 496 2554 Appone
524 2510 771 2555 iniquitatem

209 2566 327 2601 super
339 2557 585 2602 iniquitatem
601 2560 772 2599 eorunu*

209 2606 245 2638 et
261 2614 337 2638 non
358 2604 507 2639 intrent
523 2602 770 2650 injustitiam

210 2653 314 2685 tuam

255 2697 315 2732 29.
355 2698 564 2734 Deleantur
595 2699 641 2734 de
671 2699 772 2734 libro

210 2744 456 2787 viventium,
449 2756 455 2763 ·
479 2746 497 2764 *⁸
522 2750 557 2781 et
577 2756 665 2780 cum
683 2744 769 2791 jus-

210 2791 260 2826 tis
280 2802 356 2826 non
376 2774 615 2827 scribantur.

251 2838 311 2873 30.
344 2839 421 2884 Ego
445 2850 530 2873 suni
561 2850 706 2885 pauper
734 2845 771 2876 et

207 2884 373 2927 dolens;
373 2865 417 2904 ὃ*
440 2887 548 2921 salus
569 2890 647 2927 tua
669 2888 770 2923 Deus

208 2933 382 2977 suscepit
406 2943 476 2967 me.

254 2979 310 3013 31.
336 2979 516 3014 Laudabo
534 2991 673 3015 nomen
704 2982 769 3016 Dei

206 3036 292 3061 cum
315 3027 467 3061 cantico
490 3038 497 3069 ς
525 3027 542 3045 ³ss
566 3031 602 3062 et
624 3029 769 3072 magni>

207 3073 330 3108 ficabo
349 3084 435 3108 euin
457 3074 494 3108 in
518 3074 631 3109 laude
652 3086 659 3115 2
695 3072 699 3073 ⁷

251 3120 308 3154 32.
325 3121 369 3155 Et
382 3121 549 3165 placebit
564 3122 638 3156 Deo
653 3132 770 3166 super

208 3167 375 3202 vitulum
388 3168 615 3207 novellum?
624 3179 715 3203 corn
723 3180 769 3205 ua

207 3214 486 3258 producentem
506 3219 543 3250 et
560 3216 744 3261 ungulas.

969 158 1208 199 *184—

840 287 1009 327 Exaudi
1034 298 1117 334 me,
1137 298 1160 325 0
1180 287 1340 325 Jehova
1366 285 1575 336 quoniam
1601 286 1787 336 benigna
1810 292 1874 327 est
1897 286 1973 325 mi-

1602 358 1859 409 [sericordia
1881 362 1953 397 tua
1967 387 1976 404 ‚

895 430 1138 469 secundum
1165 427 1495 467 multitudinem
1517 427 1851 468 miserationum
1883 433 1977 470 tua-

1482 499 1598 546 [rum
1620 501 1789 551 respice
1812 502 1864 540 ad
1889 513 1974 549 me,

844 585 893 623 Et
914 596 967 623 ne
988 574 1180 622 occultes
1202 582 1357 621 faciem
1381 586 1501 621 tuam
1521 594 1541 621 3
1566 594 1691 621 servo
1711 587 1800 631 tuo,
1870 585 1973 633 [me‚

898 654 1108 705 quoniam
1124 653 1352 693 tribulatio
1371 657 1469 704 [est]
1488 653 1611 701 mihi,
1627 654 1800 702 testim,
1814 655 1975 695 exaudi

846 737 1163 789 Appropinqua
1188 738 1240 775 ad
1266 736 1400 776 vitam
1426 748 1583 784 meam,
1608 737 1784 778 vindica
1808 749 1919 785 eam,

901 813 1078 860 propter
1099 808 1302 847 inimicos
1323 819 1441 848 meos
1462 809 1632 848 redime
1654 820 1722 848 me
1746 808 1754 848 Ξ

847 894 906 931 Tu
948 892 1033 931 scis
1071 890 1359 942 opprobrium
1403 903 1549 931 meum
1592 896 1632 931 et
1670 891 1976 932 confusionem

1261 966 1419 1014 [meam
1444 969 1483 1002 et
1503 963 1795 1014 ignominiam
1819 975 1976 1012 meam,

901 1041 1000 1075 ante
1025 1040 1062 1074 te
1085 1033 1219 1086 [sunt]
1241 1046 1394 1074 omnes
1416 1035 1658 1074 adversarii
1681 1035 1782 1074 mei.
1844 1036 1977 1084 [sum‚

848 1118 1143 1170 Opprobrium
1176 1117 1339 1168 frangit
1364 1129 1438 1157 cor
1469 1129 1617 1156 meum
1651 1122 1691 1157 et
1725 1117 1980 1157 debilitatus

901 1196 939 1230 et
963 1194 1168 1241 exspecto
1189 1190 1241 1228 ad
1265 1188 1670 1228 commiserandum
1694 1194 1735 1229 et
1755 1201 1845 1228 non
1866 1194 1945 1237 est,

902 1267 941 1302 et
963 1262 1015 1300 ad
1038 1261 1315 1301 consolantes
1337 1264 1378 1299 et
1398 1271 1486 1299 non
1511 1259 1690 1300 invenio
1711 1274 1719 1299 :

849 1346 930 1385 Sed
956 1347 1059 1385 dant
1081 1344 1127 1383 in
1150 1354 1294 1383 escam
1321 1354 1463 1382 meam
1483 1343 1673 1382 cicutam
1697 1341 1767 1388 [ou
1792 1358 1800 1382 ε
1824 1343 1900 1391 fel]

901 1416 1005 1456 etin
1027 1416 1098 1455 siti
1123 1426 1216 1454 mea
1241 1419 1391 1465 potant
1410 1426 1479 1453 me
1499 1419 1620 1454 aceto
1640 1413 1648 1453 1

848 1619 940 1658 Fiat
971 1629 1120 1657 mensa
1154 1629 1305 1657 eorum
1337 1621 1437 1656 ante
1476 1615 1630 1655 faeiem
1664 1627 1814 1655 eorum
1847 1616 1893 1655 in
1924 1616 1983 1655 la-

901 1694 941 1729 et
960 1689 1128 1728 securis
1149 1687 1241 1739 [eis]
1262 1688 1306 1727 in
1331 1687 1601 1728 tendiculam
1627 1702 1636 1735 ;
1800 1686 1981 1738 [queum

847 1773 1149 1811 Obscurentur
1170 1771 1285 1811 oculi
1309 1782 1459 1810 eorum
1483 1782 1505 1809 3
1525 1770 1717 1810 videndo

900 1849 941 1883 et
963 1855 1089 1882 renes
1113 1854 1261 1882 eorum
1284 1854 1460 1892 semper
1479 1842 1545 1881 lac
1565 1841 1769 1881 vacillare
1794 1854 1802 1887 ;

848 1927 1031 1966 Essunde
1053 1938 1186 1976 super
1207 1937 1279 1965 eos
1300 1926 1412 1964 iram
1432 1930 1553 1965 tuam

901 2003 941 2037 et
962 1999 1092 2036 ardor
1109 1998 1200 2036 irae
1224 2002 1322 2036 tuae
1343 1998 1688 2046 comprehendat
1709 2008 1780 2036 eos
1802 2009 1810 2042 ;

849 2080 940 2119 Fiat
962 2080 1174 2119 habitatio
1196 2091 1348 2118 eorum
1374 2080 1560 2127 deserta,

900 2152 947 2190 in
970 2151 1267 2191 tabernaculis
1289 2162 1439 2190 eorum
1464 2162 1551 2190 non
1573 2151 1630 2190 sit
1651 2149 1880 2190 habitans!

848 2235 953 2282 Quia
979 2239 1024 2274 tu
1043 2245 1172 2285 quem
1194 2233 1464 2284 percussisti,
1487 2234 1704 2284 persecuti
1728 2239 1829 2273 sunt

901 2311 942 2345 et
963 2307 1014 2345 ad
1039 2306 1233 2345 dolorem
1257 2306 1586 2345 vulneratorum
1607 2310 1700 2353 ate,
1724 2310 1950 2353 enarrant;

847 2390 1029 2441 Appone
1064 2390 1344 2440 iniquitatem
1368 2400 1500 2440 super
1523 2387 1801 2439 iniquitatem
1825 2398 1977 2427 eorum
2029 2377 2033 2380 ⁵

901 2467 941 2501 et
959 2473 1013 2500 ne
1036 2461 1213 2500 veniant
1231 2461 1275 2500 in
1300 2459 1650 2500 misericordiam
1674 2464 1794 2498 tuam
1815 2474 1823 2507 ;

848 2545 1085 2584 Deleantur
1102 2545 1154 2584 de
1173 2544 1287 2583 libro
1304 2544 1419 2584 vitae

900 2621 940 2656 et
961 2628 1059 2655 cum
1083 2615 1211 2666 justis
1232 2627 1322 2655 non
1343 2614 1619 2655 scribantur!

846 2817 1018 2864 Contra⁷
1045 2829 1113 2857 ine
1136 2818 1348 2856 miserum
1373 2822 1413 2856 et
1435 2818 1657 2856 dolentem

899 2889 1018 2927 salus
1037 2893 1125 2936 tua,
1152 2889 1279 2934 Deus,
1305 2899 1373 2927 me
1391 2888 1552 2927 exaltet
1575 2902 1583 2935 ;

803 2971 807 2974 ⁴
846 2970 1049 3010 Laudabo
1073 2983 1233 3010 nomen
1256 2971 1331 3010 Dei
1353 2971 1400 3010 in
1421 2971 1592 3010 cantico

899 3046 939 3080 et
964 3042 1252 3092 magnificabo
1275 3054 1373 3081 euin
1398 3042 1444 3081 in
1468 3042 1596 3081 laude
1622 3057 1628 3081 :

846 3125 893 3163 Et
917 3125 1077 3163 bonum
1111 3124 1192 3164 erit
1221 3125 1411 3164 Jetiovae
1433 3137 1566 3175 super
1588 3125 1759 3171 bovem,
1783 3129 1974 3170 taurum,

898 3202 1131 3235 cornutum
1155 3202 1195 3235 et
1219 3197 1479 3246 ungulatum
1501 3211 1507 3235 :

263 3297 307 3334 (1)
329 3296 378 3327 Ou
399 3299 496 3328 toute
518 3297 625 3329 herbe
641 3301 762 3330 amere
782 3302 816 3332 et.
842 3300 1084 3340 maliaisante‚
1106 3302 1229 3340 ivi-aie,
1250 3302 1363 3341 cigue,
1385 3303 1456 3332 etc.
