2243 3568
314 291 348 326 3.
370 289 558 334 Quoniam
579 288 735 333 sagittae
751 289 827 321 tuae

268 338 401 373 infixae
452 339 546 371 sunt
590 334 708 376 mihi;
732 333 751 352 *
791 337 829 368 et

267 384 509 421 confirmasti
529 392 647 427 super
668 392 729 416 me
750 391 826 415 ma-

266 442 359 466 num
383 435 501 466 tuam.

313 485 345 519 4.
358 485 439 519 Non
451 486 510 518 est
525 482 676 517 sanitas
691 482 729 516 in
745 491 825 516 car·

266 543 313 567 ne
335 542 417 567 mea
439 541 459 566 a
483 530 578 565 facie
600 530 668 564 irae
692 532 783 577 tuae.
807 528 826 547 ἕ

266 590 342 614 non
360 582 505 624 estpax
523 577 681 612 ossibus
696 576 824 611 meisa

266 627 362 662 facie
375 628 621 671 peccatorum
635 633 823 659 meorum.

311 680 344 715 5.
368 678 556 722 Quoniam
595 677 825 722 iniquitates

265 737 358 761 meze
411 735 678 770 supergressae
731 726 825 759 sunt

264 776 380 819 caput
419 783 545 807 meum
565 783 572 814 ;
595 772 615 791 ἧς
648 774 685 806 et
722 771 825 805 siout

263 831 363 856 onus
381 831 499 866 grave
526 822 699 865 gravata}
730 821 825 853 sunt

263 878 381 913 super
404 877 477 902 me.

310 921 343 956 6.
362 921 654 955 Putrueruntet
666 929 822 963 corrup-

264 971 312 1004 tae
335 971 429 1003 sunt
448 967 651 1003 cicatrices
673 976 781 1002 meze.
804 965 824 985 '³⁴‘

261 1026 282 1050 a
311 1016 406 1051 facie
435 1014 674 1059 insipientiae
714 1023 821 1048 meze.

309 1069 342 1103 7.
367 1068 485 1103 Miser
508 1067 634 1102 factus
663 1076 749 1101 sum
769 1069 823 1106 vet

261 1119 448 1151 curvatus
488 1124 573 1149 sum
618 1124 742 1158 usque
783 1114 821 1148 in

265 1163 402 1205 tinem3
422 1162 442 1181 *ἴ
477 1165 555 1197 tota
587 1162 649 1196 die
676 1161 820 1196 contri<

261 1214 390 1245 status
416 1209 678 1252 ingrediebar.

307 1263 341 1298 8.
365 1262 552 1306 Quoniam
588 1261 708 1296 lumbi
747 1262 821 1297 mei

261 1309 822 1355 impletisuntillusionil)us;³²s³

260 1360 297 1392 et
316 1368 392 1392 non
415 1357 634 1392 estsanitas
649 1357 687 1390 in
704 1367 821 1392 carne

259 1415 355 1440 mea.

300 1452 520 1487 9.Afflictus
534 1451 820 1487 sum.ethumi-

260 1499 379 1534 liatus
396 1509 481 1533 sum
506 1499 624 1533 nimis
639 1509 646 1541 3
661 1498 680 1517 '²‘-
694 1499 821 1544 rugie-

259 1546 345 1581 bam
366 1557 386 1581 a
408 1546 556 1591 gemitu
579 1546 708 1581 cordis
730 1546 818 1581 mei.

293 1599 361 1634 '10.
417 1599 591 1637 Domine,
637 1602 729 1634 ante
785 1602 821 1635 te

257 1656 371 1681 omne
391 1647 628 1681 desiderium
652 1647 821 1688 meumf*

258 1697 295 1728 et
316 1694 487 1739 gemitus
510 1704 619 1729 meus
639 1705 659 1729 a
684 1697 719 1729 te
741 1704 818 1729 non

258 1744 317 1776 est
335 1741 604 1777 absconditus.

307 1794 361 1829 11.
387 1794 459 1829 Cor
491 1804 617 1829 meum
656 1797 819 1829 contur-

258 1841 390 1876 batum
419 1845 491 1881 est,
515 1842 726 1887 dereliquit
759 1852 819 1877 me

259 1889 386 1923 virtus
420 1899 521 1931 mea;
559 1890 578 1907 *
611 1893 648 1924 et
686 1890 817 1924 lumen

258 1936 457 1970 oculorum
531 1947 718 1975 nieorum.
781 1940 818 1971 et

260 1983 384 2027 ipsum
409 1994 484 2018 non
514 1987 573 2018 est
596 1994 758 2019 mecum.

306 2035 361 2070 12.
386 2037 509 2071 Amici
529 2037 617 2077 mei,
632 2040 669 2072 et
686 2037 818 2082 proxi-

258 2083 309 2116 mi
330 2084 402 2117 mei
413 2083 432 2102 ³⁸
447 2084 655 2119 adversum
672 2095 733 2119 me
749 2095 817 2129 ap—

258 2131 635 2175 propinquaverunt„
670 2135 707 2167 et
738 2135 818 2167 ste-

260 2180 414 2219 terunt;
450 2181 487 2213 et
520 2179 585 2223 qui
612 2178 726 2225 juxta
759 2189 820 2214 me

259 2228 383 2265 erant,
401 2225 447 2260 de
470 2226 583 2271 longe
605 2230 816 2262 steterunt.

307 2277 362 2313 123.
384 2278 427 2312 Et
447 2278 522 2312 vini
541 2279 734 2315 iaciebant
752 2280 819 2325 qui

259 2325 487 2368 quwrebant
499 2327 668 2362 animam
679 2337 817 2362 meam.

262 2372 305 2406 Et
335 2373 400 2416 qui
436 2372 689 2418 inquirebant
720 2374 819 2409 mala

261 2418 369 2457 mihi,
420 2419 539 2455 locuti
583 2425 677 2456 sunt
708 2421 819 2457 vani-

262 2466 415 2507 tatem*-
437 2470 473 2502 et
508 2468 617 2503 dolos
639 2471 718 2504 tota
758 2469 821 2504 die

261 2513 564 2549 meditabantur.

309 2559 364 2594 14.
390 2561 465 2605 Ego
486 2564 615 2596 autem
634 2565 818 2607 tanquam

262 2607 407 2641 surdus
423 2618 495 2641 non
511 2609 734 2646 audiebam:
754 2610 772 2627 ¹*
784 2613 819 2645 et

262 2652 362 2687 sicut
385 2658 516 2688 mutus
537 2666 611 2689 non
641 2657 821 2701 aperiens

261 2710 303 2733 os
331 2710 459 2734 suum.

310 2752 365 2786 153.
389 2754 431 2787 Et
457 2754 581 2787 [actus
600 2765 685 2788 sum
718 2756 821 2791 sicut

263 2798 375 2833 honio
403 2810 477 2833 non
507 2802 699 2836 audiens:
730 2803 749 2814 *⁶
786 2807 821 2838 et

264 2855 338 2879 non
374 2846 520 2880 liabens
568 2848 604 2881 in
651 2859 716 2883 ore
752 2860 822 2885 suo

263 2893 575 2937 redargutitmes.

315 2944 565 2987 143.Qi1onia111
583 2946 682 2982 inte.
699 2948 820 2982 Domi

217 3007 225 3015 ·
263 3001 323 3031 ne,
345 2993 498 3036 speravi
516 3004 521 3026 :
575 2997 613 3027 tu
635 2996 821 3029 exaudies

263 3039 771 3079 me,1›0111in‹=l›0usn¹‹=us.

309 3090 364 3125 17.
383 3091 476 3133 Quia
490 3092 570 3126 dixi
591 3093 822 3137 :Nc-quando

261 3139 578 3183 supergaudeant
611 3139 703 3173 mihi
747 3140 821 3174 ini-

262 3184 351 3219 mici
368 3185 440 3219 mei
455 3197 461 3219 :
475 3185 540 3219 ³÷³et
553 3186 643 3220 dum
657 3196 823 3220 commo-

262 3234 404 3266 ventur
430 3232 544 3276 pedes
580 3232 667 3270 mei,
703 3243 820 3277 super

262 3287 321 3313 me
344 3288 483 3324 magna
504 3279 623 3314 locuti
641 3283 747 3314 sunt.

1032 164 1267 205 -402—

906 287 1014 327 Nam
1038 289 1220 339 sagittae
1242 294 1341 330 tuae
1365 292 1691 332 descenderunt
1710 293 1757 332 in
1779 305 1847 333 me

958 363 999 398 et
1020 360 1248 400 descendit
1270 373 1403 412 super
1419 373 1489 401 me
1511 374 1671 402 manus
1692 368 1793 403 tua:

1893 429 2011 464 tuam

903 471 996 511 Non
1029 478 1093 512 est
1127 473 1358 524 integritas
1386 474 1430 513 in
1451 486 1581 515 carne
1604 487 1697 516 mea
1721 425 1900 528 propte[r
1920 454 2030 517 iram

954 554 1042 582 non
1064 548 1129 583 est
1144 544 1271 594 quies
1290 544 1336 583 in
1357 545 1533 585 ossibus
1557 547 1668 586 meis
1685 552 1863 598 propter
1884 559 2032 598 peeca-

1734 598 1842 646 [tum
1864 612 2028 641 meum.

899 655 1009 694 Vere
1036 655 1295 706 iniquitates
1322 669 1445 697 meae
1472 664 1683 709 superant
1713 665 1842 710 caput
1864 671 2030 708 meum,

954 726 1068 766 sicut
1104 738 1216 766 onus
1256 739 1386 778 grave
1425 733 1720 780 aggravantur
1757 730 1857 780 plus
1896 741 2029 780 quam

1391 834 1396 839 ·
1719 787 1816 835 [ego
1840 783 2029 834 [ieram].

900 839 1091 886 Foetent‚
1112 841 1431 881 contabescunt
1449 842 1602 893 plagae
1625 854 1763 888 meae,

952 916 1132 961 propter
1151 911 1426 962 impietatem
1450 924 1594 951 meam
1622 928 1629 952 ε

900 1024 1146 1075 Deprimor,
1170 1024 1381 1064 incurvor
1403 1037 1543 1076 usque
1568 1027 1777 1075 multum,

952 1100 1038 1135 tota
1061 1096 1131 1135 die
1154 1096 1311 1146 lugens
1334 1096 1503 1136 incedo.

896 1209 1007 1248 Vere
1030 1209 1171 1249 lumbi
1193 1209 1279 1249 mei
1302 1211 1532 1261 replentur
1553 1209 1906 1250 inflammatione

951 1285 992 1320 et
1013 1292 1102 1320 non
1124 1285 1188 1320 est
1204 1281 1437 1332 integritas
1458 1282 1503 1320 in
1520 1292 1650 1321 carne
1673 1292 1768 1321 mea
1788 1297 1797 1329 ;

898 1394 1151 1445 Languesco
1173 1399 1213 1434 et
1231 1399 1437 1434 conteror
1455 1406 1596 1446 usque
1619 1395 1829 1443 multum,

950 1465 1078 1516 rugio
1101 1477 1204 1516 prae
1224 1466 1391 1516 gemitu
1415 1466 1559 1506 cordis
1582 1465 1668 1505 mei
1688 1464 1696 1505 ἔ

1843 1522 2027 1574 [meum‚

896 1580 927 1619 Ο
947 1579 1133 1619 Domine
1155 1578 1232 1624 mi,
1254 1590 1400 1618 coram
1424 1583 1464 1618 te
1487 1577 1585 1629 [est]
1603 1590 1733 1618 omne
1755 1578 2028 1619 desiderium

947 1655 990 1690 et
1009 1650 1203 1702 gemitus
1227 1662 1352 1689 meus
1374 1662 1396 1689 a
1420 1655 1460 1690 te
1482 1661 1572 1690 non
1594 1649 1908 1690 absconditur:

894 1763 977 1804 Cor
1008 1774 1156 1803 meum
1187 1763 1384 1814 palpitat,
1416 1763 1688 1814 derelinquit
1716 1774 1785 1802 me
1815 1706 2029 1802 forffirtffiegd

948 1840 988 1874 et
1010 1835 1163 1873 lumen
1186 1835 1415 1873 oculorum
1441 1846 1641 1873 meorum
1665 1833 1795 1873 etiam
1826 1834 2026 1884 ipsorum

1605 1890 1712 1937 [non
1731 1891 1793 1926 est
1817 1898 1991 1926 meeum
2016 1885 2025 1926 1

892 1947 1034 1986 Amici
1065 1947 1150 1986 mei
1174 1951 1215 1986 et
1237 1947 1409 1986 sodales
1444 1946 1528 1985 mei
1563 1958 1613 1985 ex
1651 1947 1835 1985 adverso
1874 1946 2028 1997 plagae

946 2023 984 2057 et
1002 2018 1241 2069 propinqui
1262 2018 1345 2056 mei
1361 2029 1383 2056 a
1401 2018 1527 2066 longe
1543 2017 1685 2056 stant!
1738 2020 1879 2067 [meae
1894 2021 2027 2056 stant,

894 2131 941 2170 Et
976 2131 1156 2182 laqueos
1191 2135 1394 2170 sternunt
1427 2134 1690 2181 quaerentes
1715 2129 1850 2168 vitam
1881 2140 2025 2169 meam

947 2202 1280 2253 etrequirentes
1296 2202 1463 2241 malum
1483 2212 1630 2240 meum
1650 2201 1896 2251 loquuntur
1916 2201 2026 2240 cala-

949 2278 989 2312 et
1010 2272 1206 2312 fallacias
1228 2276 1315 2312 tota
1336 2272 1406 2312 die
1429 2272 1713 2311 meditantur.
1833 2264 2026 2315 [mitates

1438 2466 1475 2506 ΙΙ

897 2635 978 2673 Sed
998 2646 1091 2685 ego,
1111 2638 1321 2684 tanquam
1342 2634 1521 2677 surdus,
1545 2645 1633 2673 nou
1655 2633 1802 2681 audio,
1845 2637 1993 2685 [suum
2014 2648 2022 2673 :

949 2710 990 2744 et
1011 2710 1221 2755 tanquam
1247 2708 1395 2743 mutus
1418 2702 1552 2750 [sum]
1576 2704 1651 2755 qui
1684 2715 1772 2743 non
1803 2703 1942 2754 aperit
1977 2715 2024 2743 os

838 2842 839 2845 η
897 2813 946 2852 Et
968 2817 1103 2865 [sum]
1127 2826 1205 2867 ego
1225 2815 1339 2853 sicut
1361 2815 1492 2854 homo
1514 2815 1589 2865 qui
1612 2826 1701 2854 non
1723 2815 1847 2854 audit

950 2889 989 2922 et
1009 2882 1114 2933 [cui]
1139 2896 1225 2923 non
1249 2889 1353 2924 sunt
1374 2885 1420 2924 in
1442 2897 1515 2925 ore
1537 2897 1617 2925 suo
1639 2885 2021 2936 reprehensiones.

898 2996 1004 3033 Nam
1030 2995 1075 3034 in
1093 3001 1147 3043 te,
1171 3008 1194 3035 o
1215 2997 1392 3044 Jehova,
1417 3008 1560 3048 spero,

950 3070 993 3103 tu
1017 3067 1320 3116 respondebis,
1346 3068 1405 3106 mi
1428 3068 1622 3115 domine,
1647 3067 1707 3107 mi
1729 3069 1860 3115 deus;

898 3176 1003 3214 Nam
1028 3176 1117 3215 dixi
1142 3192 1149 3215 τ
1176 3190 1194 3214 «
1216 3189 1270 3216 ne
1293 3178 1511 3217 laetentur
1533 3180 1584 3218 de
1604 3191 1674 3219 me
2033 3228 2036 3232 .

952 3258 969 3281 »
982 3243 1093 3295 [quil
1106 3246 1150 3285 in
1164 3248 1327 3286 moveri
1344 3249 1499 3298 pedem
1516 3260 1681 3296 meum,
1696 3249 1980 3300 superbiunt!
1998 3262 2017 3288 »
