2243 3568
293 317 350 352 42.
368 315 556 360 Quoniam
573 323 720 349 memor
736 312 811 347 fuit

246 364 354 400 verbi
389 362 515 398 sancti
555 361 631 402 sui,
654 360 674 380 δὲ
707 360 812 405 quod

245 410 383 446 babuit
409 410 457 445 ad
479 408 675 444 Abraham
716 417 811 452 pue-

246 468 332 493 rum
354 467 484 492 suum.

292 505 349 539 43.
379 505 422 538 Et
453 503 590 539 eduxit
623 502 810 547 populum

245 562 360 587 suum
390 551 429 585 in
452 549 709 589 exultatione,
732 549 812 584 *zet

246 600 390 634 electos
412 608 505 633 suos
528 598 567 631 in
591 596 744 632 laetitia.

292 647 348 680 44
374 646 417 680 Et
440 645 544 680 dedit
573 644 654 679 illis
688 644 809 690 regio-

246 704 315 728 nes
333 692 511 738 gentium
534 691 553 711 ²
585 695 621 726 et
656 691 811 726 labores

245 740 478 786 populorum
492 739 767 791 possederunt.

293 788 336 822 45
370 787 419 822 Ut
440 786 666 838 custodiant
691 783 811 831 justi-

245 835 448 870 ficationes
470 831 569 879 ejus,
592 833 612 852 *
630 836 667 869 et
686 833 810 879 legem

246 880 331 929 ejus
353 881 570 928 requirant.

1010 188 1246 229 —294—

884 312 995 353 Vere
1016 315 1270 354 recordatus
1292 316 1357 353 est
1374 314 1495 353 verbi
1519 315 1762 356 sanctitatis
1784 329 1902 366 suae,

941 376 1013 430 [et]
1036 378 1257 418 Abraham
1280 378 1395 418 servi
1417 379 1500 427 sui,

886 454 937 494 Et
957 455 1109 494 eduxit
1131 455 1343 505 populum
1368 467 1497 495 suum
1528 456 1573 495 in
1596 457 1775 506 laetitia,

938 520 984 559 in
1005 520 1145 571 jubilo
1167 520 1326 560 electos
1344 532 1462 569 suos,

886 597 935 636 Et
957 597 1077 636 dedit
1099 597 1188 637 illis
1211 602 1347 637 terras
1365 598 1564 648 gentium

940 667 980 701 et
1002 662 1197 702 laborem
1222 663 1487 713 populorum
1512 666 1804 714 possederunt

885 740 936 779 Ut
959 739 1211 779 custodiant
1233 746 1464 791 praecepta
1487 742 1582 792 ejus

940 810 980 844 et
1001 805 1120 856 leges
1145 805 1240 855 ejus
1261 805 1509 846 observent.

1286 900 1607 943 HALLELU-YAH.

1633 1060 1863 1104 PSAUME
1895 1061 2011 1106 CVI.
2029 1058 2034 1062 ’

328 1190 395 1225 Les
416 1187 741 1238 prevarications
763 1185 947 1230 d'lsraizt,
970 1199 1139 1241 psaumrf
1155 1185 1381 1242 historique
1400 1185 1561 1245 faisant
1580 1190 1685 1228 suite
1706 1201 1761 1229 au
1780 1189 2020 1241 pre'ce‘dem:

247 1249 399 1304 chaque
416 1252 540 1291 crime
561 1250 731 1292 d’Israc'l
751 1260 808 1292 est
825 1252 952 1292 traite'
969 1265 1018 1292 en
1037 1265 1095 1292 zm
1117 1253 1218 1292 re‘cit
1238 1251 1452 1293 d’environ
1475 1253 1565 1294 huit
1586 1255 1810 1308 distiques;
1833 1253 1866 1295 le
1882 1253 2020 1307 parat-

248 1314 398 1355 le'ttsme
417 1323 454 1356 ez
475 1314 529 1355 les
550 1328 640 1366 vers
658 1323 751 1357 sont
772 1315 983 1368 re‘qulier&
1006 1319 1033 1358 3
1052 1320 1093 1359 -i-
1109 1319 1136 1358 3
1155 1325 1329 1359 accents.
1353 1322 1404 1358 Le
1420 1317 1491 1358 but
1512 1318 1559 1359 de
1580 1317 1758 1359 sautem·
1778 1327 1836 1360 est
1850 1319 2021 1362 e‘vz'dem-

302 1440 382 1480 CV.
406 1463 456 1467 ——
477 1441 701 1480 ALLELUIA.

295 1565 332 1600 1.
368 1565 618 1600 Confitemini
652 1566 813 1601 Domino

249 1612 432 1666 quoniam
467 1613 593 1648 bonus
621 1624 628 1655 ;
662 1613 682 1632 ἵ*-
721 1624 812 1666 quo-

250 1660 353 1694 niam
378 1660 417 1694 in
446 1661 634 1696 sazculum
663 1660 814 1696 miseri-

250 1707 381 1742 cordia
406 1705 505 1752 ejus.
552 1743 557 1748 .

296 1754 335 1789 2.
364 1755 457 1798 Quis
478 1755 660 1801 loquetur
682 1759 815 1800 poten-

252 1801 325 1836 tias
349 1802 524 1843 Domini,
517 1813 523 1820 ·
547 1802 566 1821 *
588 1803 744 1838 auditas
766 1804 814 1838 taff

252 1848 327 1884 ciet
349 1859 484 1884 omnes
507 1850 642 1885 laudes
662 1848 785 1895 ejus'.

299 1896 332 1930 3.
358 1896 476 1933 Beati
497 1897 562 1941 qui
585 1897 817 1932 custodiunt

254 1940 488 1987 judiciums·
490 1947 549 1978 et
571 1944 719 1978 faciunt
737 1942 815 1989 jus-

255 1990 380 2025 titiam
406 1991 443 2024 in
466 1991 569 2025 omni
592 1995 777 2036 tempoie.

368 2038 489 2072 Mem(
496 2041 562 2072 nto
582 2039 722 2076 nostri
748 2040 818 2073 lto-

256 2084 372 2126 mine,
391 2085 818 2148 inbcneplacitopopu

255 2131 281 2166 li
302 2132 387 2173 tui;
411 2132 564 2167 ‘visita
592 2143 663 2168 nos
693 2133 731 2167 in
760 2143 818 2168 sa-

255 2179 373 2214 lutari
399 2182 492 2217 tuo:

301 2226 335 2261 5.
353 2226 412 2261 Ad
430 2237 451 2261 v
457 2208 666 2262 idendum'
660 2238 697 2262 m
712 2227 817 2262 boni-

256 2276 335 2308 tate.
353 2274 565 2308 electorum
587 2277 757 2313 tuorum,
772 2275 821 2310 ad

256 2320 469 2356 laetandum
484 2321 522 2355 in
537 2321 675 2356 lretitia
688 2322 820 2367 genus

257 2370 364 2410 tuw;
397 2367 417 2386 ἧς
451 2371 493 2403 ut
528 2369 701 2404 lauder1s
731 2379 819 2404 cum

256 2414 484 2450 ha=rcditatc
504 2419 582 2451 tua.

303 2463 336 2497 ti.
366 2463 615 2498 Peccavimus
642 2474 730 2498 cum
759 2475 823 2509 pa-

257 2509 385 2544 tribus
414 2511 563 2545 nostris
588 2522 594 2553 ;
624 2511 643 2530 ²·
672 2509 821 2557 injuste

256 2556 421 2601 egimus,
455 2557 704 2603 iniquitatem
733 2559 822 2594 leci-

257 2613 357 2639 mus.

303 2651 339 2684 7.
389 2651 521 2687 Patres
568 2654 728 2688 nostri
777 2653 820 2688 iu

257 2698 422 2744 rligypto
443 2710 518 2733 non
537 2699 821 2736 intellexerunt

258 2745 452 2780 mirabilia
476 2750 539 2781 tua
562 2758 569 2787 ;
592 2747 611 2765 '³'
635 2758 711 2782 nou
743 2749 820 2783 fue-

258 2795 349 2826 runt
383 2803 572 2828 memores
602 2795 822 2831 multitudi-

258 2839 319 2873 nis
349 2839 627 2875 misericordia·
657 2845 745 2877 tuw.
778 2843 821 2877 Et

258 2885 517 2922 irritaverunt
562 2890 820 2925 ascendeutes

258 2932 296 2966 in
320 2942 437 2970 mare
459 2934 477 2952 ³²
501 2945 605 2969 mare
629 2936 819 2972 Rubrum.

304 2980 387 3013 81
396 2983 407 3014 t
428 2981 595 3016 satiavit
618 2992 682 3016 eos
704 2994 820 3029 prop-

259 3028 316 3060 ter
340 3037 478 3061 nomen
497 3038 610 3062 suum
634 3029 678 3068 ;““*
696 3034 733 3064 ut
756 3042 818 3064 no

260 3075 334 3107 tam
375 3074 517 3109 faceret
557 3077 818 3119 potentiam

257 3130 380 3154 suam.

303 3168 336 3201 ὲ).
380 3168 424 3201 lit
471 3169 665 3213 int-reputt
715 3181 819 3206 mare

259 3213 447 3251 Rubrum,
496 3219 531 3249 et
577 3217 817 3252 exsiccatum

256 3263 315 3294 est
345 3271 352 3302 ;
432 3265 468 3296 et
495 3262 658 3297 deduxit
685 3274 750 3299 eos
779 3265 817 3299 in

254 3306 410 3354 abyssis
434 3308 537 3344 sicut
563 3309 601 3344 in
623 3311 791 3347 deserto.

1296 1443 1619 1483 HALLELU-Yffl.

889 1566 1168 1607 Confitemini
1189 1568 1380 1607 Jehovae
1402 1568 1612 1619 quoniam
1636 1569 1779 1608 bonus
1801 1573 1878 1612 est,

943 1639 1153 1690 quoniam
1177 1639 1223 1678 in
1245 1644 1473 1679 aeternum
1498 1640 1801 1680 misericordia
1825 1639 1940 1691 ejus!

890 1717 995 1764 Quis
1015 1721 1241 1757 enarraret
1263 1717 1457 1757 facinora
1478 1718 1667 1756 ,lehovae

945 1789 1219 1839 praedicaret
1241 1800 1418 1828 omnem
1440 1789 1617 1828 laudem
1636 1789 1731 1840 ejus
1749 1789 1771 1828 ‘2

892 1866 922 1905 O
946 1866 1241 1905 beatitudines
1264 1867 1610 1906 custodientium
1633 1867 1717 1918 jus,

946 1936 1147 1975 facientis
1168 1937 1384 1986 justitiam
1408 1937 1452 1975 in
1475 1938 1594 1976 omni
1622 1936 1844 1987 tempore!

893 2014 1110 2052 Memento
1137 2013 1234 2059 mei*
1260 2014 1475 2059 oJehova,
1497 2014 1543 2052 in
1560 2013 1864 2053 benevolentia
1889 2026 2024 2064 popu-

946 2084 1074 2123 visita
1100 2096 1168 2123 me
1191 2096 1290 2123 cum
1318 2085 1456 2123 salute
1482 2089 1569 2131 tua,
1872 2083 1917 2135 [li
1941 2085 2019 2132 tui,

894 2162 958 2200 Ad
983 2161 1221 2200 {ruendum
1246 2161 1454 2201 felicitate
1476 2162 1715 2201 electorum
1740 2166 1917 2201 tuorum

948 2234 999 2272 ad
1024 2233 1275 2272 laetandum
1300 2233 1464 2273 laetitia
1481 2233 1625 2284 gentis
1649 2239 1760 2281 tuae,

895 2311 957 2350 Ad
984 2308 1083 2361 [me]
1107 2311 1443 2361 glorificandum
1467 2321 1566 2350 eum
1591 2311 1857 2350 haereditate
1879 2315 1951 2350 tua
1973 2309 1981 2349 1

896 2563 1179 2603 Peccavimus
1201 2576 1301 2603 cum
1326 2565 1526 2615 patribus
1544 2565 1722 2613 nostris,

950 2635 1238 2686 deliquimus,
1259 2636 1424 2675 malum
1450 2636 1649 2679 lecimus,
1739 2636 1912 2687 [rabilia
1934 2641 2023 2685 tua,

900 2713 1046 2752 Patres
1064 2713 1202 2752 nostri
1222 2714 1267 2752 in
1285 2716 1479 2766 Aegypto
1501 2725 1588 2752 non
1606 2714 1922 2754 intellexerunt
1946 2714 2026 2753 mi—

949 2796 1050 2822 nom
1079 2784 1379 2824 meminerunt
1412 2785 1743 2824 multitudinem
1779 2785 2023 2824 bonitatum

897 2862 945 2900 Et
967 2862 1293 2901 rebellaverunt
1309 2862 1431 2912 juxta
1452 2873 1584 2907 mare,
1818 2848 2024 2900 [fflffl'lfflh

952 2944 1084 2983 prope
1107 2944 1227 2972 mare
1250 2933 1329 2972 Sui
1351 2947 1359 2979 ς

897 3010 978 3048 Sed
998 3009 1182 3048 salvavit
1204 3021 1276 3048 eos
1300 3014 1477 3059 propter
1498 3021 1659 3048 nomen
1683 3021 1829 3057 suum,

948 3081 998 3118 ad
1024 3079 1395 3119 manifestandum
1420 3080 1625 3124 virtutem
1650 3092 1773 3119 suam
1794 3095 1801 3127 ;
1912 3090 2024 3143 [est]‚

895 3156 1181 3207 Etincrepuit
1215 3161 1364 3195 contra
1404 3168 1522 3195 mare
1557 3157 1635 3195 Sui
1673 3162 1712 3196 et
1757 3157 2024 3196 exsiccatum

947 3231 987 3266 et
1009 3227 1191 3266 deduxit
1222 3238 1294 3266 eos
1318 3238 1394 3277 per
1415 3227 1594 3279 abyssos
1622 3227 1736 3266 sicut
1769 3238 1846 3277 per
1875 3226 2024 3266 solitu-

1837 3296 2022 3348 [dinem,
