2243 3568
327 356 360 391 4.
385 356 507 390 Homo
532 353 697 390 vanitati
732 352 844 389 simi-

280 409 329 444 lis
350 409 478 443 ,factus
501 410 586 450 est;
609 407 627 425 ’5
651 406 735 442 dies
757 403 843 451 ejus

280 462 384 497 sicut
415 461 553 496 umbra
586 461 841 505 praetereunt.

325 521 359 555 5.
395 519 568 555 Domine,
595 518 742 553 inclina
764 528 842 552 coe—

280 573 337 608 los
375 576 476 611 tuos,
513 575 551 607 et
580 572 774 608 descende
795 581 802 613 ;
823 570 843 589 *

280 630 396 672 tange
415 629 581 667 montes,
620 629 657 661 et
679 625 841 670 fumiga-

278 680 390 714 bunt.

324 739 358 774 6.
397 738 567 784 Fulgura
606 737 840 773 coruscatio-

278 803 380 834 nem,
401 795 438 827 et
465 791 679 836 dissipabis
701 801 766 826 eos
791 801 798 833 ;
821 790 842 810 ³⁸*

277 846 412 881 emitte
464 845 632 890 sagittas
676 847 763 879 tuas
804 846 842 879 et

276 898 532 935 conturbabis
554 908 632 933 eos.

323 959 356 993 7.
379 958 520 992 Emitte
552 967 710 992 manum
735 960 839 992 tuam

275 1013 321 1048 de
339 1012 432 1052 alto,
456 1011 646 1056 eripeme,
668 1011 840 1045 etlibera

275 1076 335 1100 me
355 1066 402 1101 de
424 1065 537 1110 aquis
560 1064 697 1099 multis
721 1074 728 1107 ;
754 1063 772 1082 55
794 1064 841 1099 de

276 1129 393 1154 manu
414 1118 583 1153 tiliorum
605 1117 838 1152 alienorum.

321 1179 354 1214 8.
379 1180 550 1222 Quorum
582 1187 624 1211 os
665 1178 839 1212 locutum

275 1235 334 1267 est
368 1231 579 1266 vanitatem
607 1242 612 1265 :
637 1230 654 1249 ³*
679 1233 716 1265 et
749 1231 837 1265 dex-

276 1288 357 1320 tera
379 1294 526 1325 eorum,
561 1285 723 1319 dextera
761 1283 838 1318 ini-

277 1338 455 1384 quitatis.

323 1397 357 1433 9.
383 1398 496 1435 Deus,
534 1397 731 1433 canticum
769 1407 839 1431 no-

278 1462 367 1487 vum
403 1452 569 1487 cantabo
610 1451 703 1492 tibi;
744 1450 760 1469 ’5
800 1450 839 1484 in

277 1505 464 1551 psalterio
485 1504 724 1541 decachordo
741 1503 839 1549 psal-

277 1558 352 1593 lam
377 1558 460 1593 tibi.

325 1617 378 1652 10,
403 1617 473 1660 Qui
495 1618 564 1652 das
588 1616 755 1651 salutem
778 1625 839 1649 re-

276 1671 424 1716 gibus;
462 1671 480 1689 ³³
520 1670 585 1715 qui
639 1668 840 1706 redemisti

281 1725 398 1760 David
438 1734 594 1759 servum
643 1726 752 1758 tuum
794 1723 841 1758 de

276 1778 406 1823 gladio
428 1778 600 1822 maligno
620 1789 627 1815 ;

325 1837 380 1873 11.
407 1838 519 1882 Eripe
538 1847 597 1871 me
615 1839 652 1871 et
671 1846 763 1870 erue
780 1845 839 1870 me

275 1892 322 1926 de
344 1901 461 1926 mauu
496 1890 665 1924 tiliorum
689 1889 838 1923 alieno-

277 1955 376 1984 rum,
400 1954 565 1989 quorum
594 1954 636 1977 os
665 1943 838 1977 locutum

275 2001 335 2033 est
357 1998 569 2033 vanitatem
594 2007 603 2036 ;
629 1996 646 2014 ³³
677 1998 714 2029 et
750 1995 838 2030 dex>

278 2054 358 2086 tera
389 2060 536 2091 eorum,
575 2049 737 2084 dextera
768 2047 838 2082 ini-

275 2104 440 2149 quitatis
460 2115 466 2139 :

323 2163 379 2197 12.
412 2165 582 2206 Quorum
619 2160 704 2201 filii,
734 2159 838 2195 sicut

276 2216 441 2251 novellae
462 2215 727 2261 plantationes
754 2213 772 2231 *
798 2213 837 2247 in

274 2266 483 2313 juventute
510 2278 594 2303 sua.
632 2266 739 2301 Filiae
774 2278 837 2301 eo-

277 2332 362 2356 rum
402 2321 629 2367 compositae
653 2331 660 2360 ς
703 2319 721 2338 *
761 2320 838 2354 cir-

275 2378 516 2411 eumornatae
545 2378 588 2410 ut
618 2373 838 2409 similitudo

277 2429 425 2474 templi.

322 2488 672 2533 13.Pr0111ptuaria
703 2496 836 2522 eorum
884 2498 886 2500 ’

275 2541 401 2586 plena,
422 2542 441 2561 *
463 2541 692 2576 eructandia
711 2551 756 2576 ex
767 2540 838 2574 hoc

276 2595 314 2629 in
344 2595 455 2630 illud.
477 2594 576 2629 Oves
600 2604 733 2629 eorum
766 2593 837 2627 ite-

277 2651 384 2689 tosw,
408 2648 626 2683 abundates
647 2647 685 2682 in
709 2656 836 2692 egres-

276 2701 387 2736 sibus
407 2701 513 2735 suis:

322 2760 506 2795 14.Boves
526 2770 658 2795 eorum
678 2770 836 2795 crassze.

278 2815 358 2847 Non
397 2817 456 2848 est
494 2814 607 2848 ruina
644 2813 836 2850 maceriai,

277 2877 400 2911 neque
428 2867 635 2903 transitus,
657 2866 673 2884 ’5
714 2876 838 2910 neque

276 2919 421 2954 clamor
445 2919 482 2953 in
513 2919 651 2964 plateis
679 2928 830 2953 eorum.

324 2978 379 3012 15.
398 2978 555 3012 Beatum
573 2978 761 3012 dixerunt
776 2988 836 3021 po-

277 3031 425 3075 pulum,
454 3030 515 3064 cui
548 3030 628 3064 hwc
662 3032 786 3063 sunt:
818 3028 838 3048 *

277 3083 413 3118 beatus
436 3083 616 3127 populus,
636 3079 749 3126 eujus
770 3082 836 3116 l)o-

276 3136 408 3170 minus
433 3136 531 3170 Deus
554 3133 654 3180 ejus.

1057 226 1293 267 —398—

1469 351 1503 391 ΙΙ

916 441 1095 489 Jehova,
1119 441 1226 492 quid
1251 439 1348 492 [est]
1372 441 1502 480 homo
1526 445 1572 480 ut
1594 452 1831 491 cognoscas
1853 453 1970 490 eum,

971 506 1091 546 filius
1114 506 1308 545 hominis
1326 511 1373 545 ut
1396 510 1573 557 reputes
1595 507 1730 546 euln‘?

917 572 1056 622 Homo
1078 571 1260 611 vanitati
1284 571 1445 610 similis
1467 576 1545 618 est,

970 636 1063 675 dies
1086 637 1180 686 eJus
1202 636 1315 675 sicut
1337 636 1493 676 umbra
1516 636 1801 687 praeteriens,

920 699 1037 752 [Sed]
1057 713 1080 740 o
1100 701 1278 748 Jehova,
1302 700 1466 741 inclina
1482 701 1625 741 caelos
1641 706 1737 741 tuos
1758 706 1799 741 et
1815 702 2047 751 descende,

970 770 1098 816 tange
1122 771 1291 806 montes
1315 771 1354 806 et
1376 766 1674 817 fumigabunt,

918 831 1107 881 Fulgura
1130 831 1295 881 fulgur,
1320 835 1362 870 et
1382 831 1619 881 dissipabis
1642 843 1728 879 eos,

971 895 1093 935 mitte
1115 896 1296 946 sagittas
1314 901 1410 935 tuas
1433 900 1473 935 et
1495 896 1725 947 disperdes
1748 908 1835 945 eos,

917 959 1036 999 Mitte
1060 972 1217 999 manus
1242 965 1337 999 tuas
1360 962 1412 1000 [le
1434 961 1520 999 alto
1546 960 1717 1009 [caelo]!

915 1128 1037 1178 Eripe
1059 1138 1119 1165 me
1137 1133 1174 1166 et
1193 1125 1322 1166 libera
1343 1139 1403 1166 me
1425 1127 1470 1166 de
1492 1127 1612 1179 aquis
1631 1124 1788 1176 mullis,

967 1189 1014 1230 de
1034 1203 1164 1231 manu
1183 1189 1372 1244 filiorum
1393 1191 1665 1243 alieniqenae,

916 1260 1099 1306 Quorum
1118 1269 1161 1296 os
1176 1268 1318 1296 eorum
1340 1256 1527 1310 loquitur
1546 1258 1775 1297 vanitatem

967 1327 1004 1361 et
1021 1322 1189 1362 deoetera
1209 1333 1350 1362 eoram
1371 1320 1462 1375 [est]
1484 1322 1650 1362 dextera
1670 1320 1903 1362 mendacii!

1507 1430 1563 1468 ΙΙΙ

916 1519 946 1558 O
971 1520 1100 1559 Deus.
1124 1519 1344 1559 canticum
1369 1531 1532 1558 novum
1556 1519 1740 1558 cantabo
1763 1518 1858 1566 tibi,

969 1583 1013 1623 in
1037 1585 1245 1635 psallet-lo
1267 1585 1540 1624 decachordo
1560 1584 1744 1634 psallam
1769 1583 1863 1630 tibi,

916 1650 946 1689 Ο
969 1651 1078 1689 dans
1101 1650 1285 1689 salutem
1308 1648 1487 1700 regibus
1640 1694 1643 1697 .
1893 1646 2048 1699 [maloi

968 1726 992 1753 o
1032 1715 1224 1765 eripiens
1257 1715 1393 1754 David
1428 1711 1603 1754 servum
1640 1725 1768 1753 suum
1817 1714 1870 1753 de
1903 1712 2050 1763 gladio

914 1817 1036 1868 Eripe
1052 1827 1111 1855 me
1131 1821 1168 1855 et
1189 1813 1318 1855 libera
1335 1827 1396 1854 me
1416 1814 1479 1866 [de
1495 1814 1615 1867 aquis
1630 1812 1806 1865 multiSJ,

967 1878 1014 1919 de
1029 1891 1157 1919 mann
1177 1878 1364 1933 silbarum
1378 1878 1652 1931 alieniqenae,

916 1949 1099 1994 Quorum
1118 1957 1161 1985 οε
1182 1957 1325 1985 eorum
1346 1943 1533 1998 loquitur
1558 1947 1788 1983 vanitatem

967 2016 1005 2049 et
1019 2011 1184 2050 demere
1204 2022 1343 2050 eorum
1368 2009 1456 2062 [est]
1481 2007 1647 2049 dextera
1667 2008 1893 2049 mendacii!

1239 2135 1282 2173 B.
1317 2157 1366 2160 —
1396 2135 1505 2183 [sme
1534 2135 1712 2182 numo]

913 2295 1034 2348 [Nos]
1058 2308 1246 2347 quorum
1271 2295 1349 2334 filii
1372 2295 1511 2334 nostri
1535 2299 1580 2334 ut
1603 2295 1777 2345 plautae

966 2366 1211 2400 crescentes
1234 2360 1277 2399 in
1300 2361 1554 2411 juventente
1578 2371 1670 2407 sua,

913 2426 1047 2465 Filiae
1069 2431 1243 2465 nostrae
1267 2430 1311 2464 ut
1334 2425 1485 2475 anguli
1508 2424 1726 2474 exsculpti

968 2489 1047 2542 [ut]
1071 2491 1298 2541 exemplar
1320 2490 1470 2541 palatii
1491 2502 1499 2534 ;

914 2556 1220 2607 Promptuaria
1244 2561 1391 2596 nostra
1411 2556 1590 2606 repleta,

967 2620 1261 2671 exprimentia
1282 2632 1305 2659 a
1328 2620 1473 2671 speeie
1491 2620 1537 2658 in
1560 2619 1751 2670 speciem
1774 2634 1782 2666 ;

914 2686 1074 2737 Greges
1092 2685 1230 2725 nostri
1253 2684 1641 2732 millia-facientes,

965 2752 1114 2790 decem
1139 2750 1338 2789 millibus
1361 2748 1641 2800 multiplicati
1659 2748 1706 2787 in
1724 2748 1841 2799 agris
1861 2747 2040 2795 nostris,

912 2816 1077 2855 Vaccae
1112 2820 1287 2854 nostrae
1323 2813 1545 2866 [foetibusl
1570 2818 1788 2862 oneratae,
1821 2824 1909 2852 non
1944 2810 2041 2864 [est]

1309 2878 1508 2931 [ruptura
1529 2878 1576 2929 (¹)
1612 2883 1652 2918 et
1669 2889 1758 2917 non
1781 2877 2041 2928 egrediens;

966 2951 1007 2985 et
1027 2958 1114 2985 non
1137 2946 1301 2984 clamor
1322 2944 1367 2983 in
1390 2944 1546 2995 plateis
1567 2943 1744 2982 nostris.

913 3076 944 3114 O
975 3075 1272 3115 beatitudines
1306 3074 1457 3125 populi
1491 3073 1562 3113 cui
1585 3072 1648 3112 sic
1671 3069 1766 3124 [est]
1789 3071 1844 3120 ei,
1905 3069 2042 3122 [ejusl

968 3141 1262 3180 beatitudines
1308 3139 1459 3190 populi
1494 3139 1565 3177 cui
1601 3136 1695 3188 [est]
1727 3138 1891 3177 Jeliova
1931 3136 2044 3175 Deus

340 3288 381 3326 (1)
405 3288 484 3318 Aux
503 3289 681 3326 remparts
701 3295 744 3317 ou
763 3294 831 3316 aux
853 3287 1018 3325 maisons,
1039 3286 1135 3317 selon
1155 3286 1204 3316 les
1225 3294 1313 3322 uns;
1334 3294 1404 3317 aux
1423 3285 1597 3322 bestiam,
1616 3283 1713 3314 selon
1736 3283 1787 3314 les
1806 3283 1939 3314 autres.
