2243 3568
260 342 314 376 11.
344 342 397 376 Tu
425 338 643 374 humiliasti
671 339 775 372 sicut

212 389 475 428 vulneratum,
494 385 706 430 superbum
727 396 733 419 :
754 383 774 403 3

213 436 250 470 in
294 434 452 470 brachio
494 432 655 467 virtutis
697 435 773 467 tuae

211 482 436 527 dispersisti
456 480 636 514 inimicos
656 482 757 514 tuos.

260 535 316 570 12.
333 534 402 569 Tui
422 536 516 569 sunt
531 532 632 573 coeli‚
654 535 691 567 et
708 535 770 567 tua

211 585 271 617 est
300 584 415 621 terra,
439 581 571 615 orbem
598 583 712 614 terra·
736 582 773 614 ct

211 628 497 674 plenitudinem
517 625 603 672 ejus
624 630 665 662 tu
688 627 770 661 iun—

211 676 330 712 (lasti.

259 729 313 763 13.
339 727 574 772 Aquilonem
603 730 639 762 et
668 737 773 761 mare

213 779 253 812 tu
277 775 434 811 creasti.
455 774 606 809 Thabor
625 777 662 809 et
683 775 771 808 Her-

211 834 299 858 mon
329 823 368 857 in
390 822 549 857 nomine
573 824 640 857 tuo
660 821 773 856 exul—

211 871 351 906 tabunt
375 881 381 904 :

259 924 314 958 14.
328 924 450 958 Tuum
467 922 669 957 brachium
684 932 771 956 cum

211 970 397 1016 potentia.
416 970 612 1005 Firmetur
634 979 772 1004 manus

213 1022 290 1059 tua,
320 1021 357 1053 et
384 1017 580 1053 exaltetur
612 1018 771 1052 dextera

213 1069 276 1101 tua
299 1077 305 1100 :

260 1119 314 1153 15.
337 1117 500 1153 Justitia
522 1120 560 1152 et
580 1115 771 1162 judicium

212 1165 445 1211 praeparatio
464 1165 569 1200 sedis
590 1168 681 1200 tuae.
705 1164 767 1199 Mi

211 1213 423 1249 sericordia
447 1215 483 1247 et
504 1212 650 1247 veritas
672 1222 772 1257 pra}-

211 1261 350 1296 cedent
371 1260 505 1295 [aciem
527 1262 632 1294 tuam
655 1271 661 1293 :

258 1313 314 1349 16.
345 1314 484 1348 Beatus
512 1312 679 1357 populus
706 1312 770 1357 qui

211 1361 283 1396 scit
302 1359 590 1406 jubilationem.
613 1360 773 1395 Domine

212 1409 250 1443 in
279 1408 427 1443 lumine
455 1408 590 1443 vultus
613 1410 669 1443 tui
696 1418 772 1442 am*

211 1456 417 1490 bulabunt.

260 1511 315 1545 «17.
357 1511 400 1545 Et
439 1510 476 1544 in
514 1510 672 1545 nomine
709 1513 774 1545 tuo

214 1558 449 1593 exultabunt
478 1560 556 1592 tota
584 1557 646 1592 die
668 1569 674 1592 z
694 1557 714 1576 3
736 1561 771 1592 ct

214 1606 251 1640 in
269 1603 425 1650 justitia
454 1608 517 1639 tua
540 1605 773 1641 exaltabun-

213 1656 290 1688 tur.

264 1704 320 1739 18.
348 1704 535 1747 Quoniam
555 1704 679 1749 gloria
699 1704 758 1738 vir

215 1751 312 1785 tutis
335 1762 467 1786 eorum
490 1755 530 1785 lu
551 1762 590 1786 es
612 1763 619 1786 :
639 1752 659 1770 3
678 1751 772 1786 etin

211 1798 454 1843 beneplacito
488 1802 553 1833 tuo
584 1799 774 1833 exaltabi—

215 1849 277 1880 tur
298 1856 419 1880 cornu
443 1849 637 1880 nostrum.

261 1898 315 1933 19.
340 1898 434 1941 Quia
459 1898 611 1933 Domini
634 1901 693 1933 est
711 1909 774 1933 as-

212 1945 384 1990 sumptio
404 1949 560 1980 nostra:
579 1945 777 1980 ‘⁵‘etsanc-

215 1992 241 2029 ti
263 1992 381 2027 lsrael
403 1993 506 2037 regis
527 1993 666 2027 nostri.

258 2044 316 2080 ΞΟ.
350 2046 455 2079 Tunc
484 2046 638 2080 locutus
667 2056 707 2080 es
738 2045 773 2079 in

215 2092 365 2127 visione
398 2093 560 2127 -sanctis
605 2093 696 2129 tuis.
738 2096 771 2127 el

214 2139 383 2174 dixisti:
416 2140 435 2157 3
474 2140 586 2174 l'osui
620 2138 776 2185 adjuto—

216 2187 316 2221 rium
341 2187 378 2220 in
403 2190 559 2231 potente
581 2199 587 2221 :
615 2191 649 2221 et
671 2187 776 2221 exal-

218 2234 293 2269 tavi
347 2234 512 2269 clectuzn
567 2235 612 2269 de
668 2234 777 2279 plebe

217 2292 312 2316 mea.

264 2334 320 2369 21.
337 2334 470 2369 Inveni
488 2334 607 2369 David
620 2344 775 2369 servum

218 2392 342 2434 meum
367 2393 373 2416 :
432 2382 515 2416 oleo
537 2384 673 2417 sancto
695 2392 778 2417 meo

217 2439 310 2463 unx¹
334 2440 434 2464 eum.

262 2482 319 2517 ⁶22.
363 2483 501 2517 Manus
547 2482 649 2517 enim
697 2493 777 2517 mea

152 2566 154 2568 ,
215 2529 474 2565 auxiliabitur
502 2530 560 2565 ei:
582 2530 602 2549 3
624 2533 661 2565 et
688 2530 777 2565 bra-

216 2576 345 2611 chium
380 2587 506 2612 meum
541 2577 779 2613 confortabit

217 2634 317 2659 eum.

264 2676 320 2711 23.
339 2677 440 2711 Nihil
457 2677 634 2721 proficiet
651 2677 775 2712 inimi

217 2734 286 2758 cus
316 2724 352 2758 in
376 2734 431 2764 ρο,
456 2724 474 2742 3
503 2727 539 2759 et
568 2725 674 2759 lilius
704 2725 778 2759 ini—

217 2771 382 2823 quitatis
410 2782 486 2805 non
514 2774 681 2817 apponet
710 2783 778 2807 110-

217 2828 303 2852 cere
324 2828 371 2852 ei.

265 2871 322 2906 24.
348 2872 391 2905 Et
414 2871 613 2906 concidam
634 2883 651 2906 a
684 2872 778 2907 facie

219 2917 343 2962 ipsius
366 2918 545 2953 immicos
564 2917 649 2963 ejus
671 2931 676 2953 :
742 2923 777 2953 ct

217 2965 394 3000 odientes
440 2976 525 2999 eum
571 2966 608 3000 in
649 2966 775 3011 fugam

217 3015 456 3046 convertam.

264 3065 321 3099 25.
357 3066 400 3099 Et
434 3065 579 3099 veritas
614 3076 708 3101 mea.
741 3070 778 3101 ct

219 3111 485 3147 misericordia
510 3123 590 3147 mea
614 3124 699 3147 cum
726 3113 762 3157 ip

218 3169 288 3193 so:
318 3159 337 3177 3
368 3163 405 3194 et
435 3159 473 3194 in
506 3160 661 3194 nomine
696 3169 778 3195 meo

218 3206 457 3242 exaltabitur
478 3217 599 3241 cornu
621 3204 719 3251 ejus.

982 209 1214 249 -246—

853 339 910 376 Tu
930 334 1166 374 contrivisti
1184 332 1291 372 sicut
1308 329 1572 371 vulneratum
1590 334 1816 383 Aeqyptum
1834 344 1842 369 z

903 401 948 439 in
957 396 1124 439 brachio
1133 398 1304 438 virtutis
1318 401 1410 436 tuae
1424 396 1653 447 dispersisti
1664 396 1855 440 inimicos
1871 400 1977 444 tuos,·

852 475 938 517 Tibi
958 475 1087 529 [sunt]
1110 472 1195 514 caeli
1211 479 1249 513 et
1269 484 1427 526 quoque
1449 470 1526 513 tibi
1544 471 1630 524 [est]
1651 479 1791 521 te=ri·a,·

903 539 1058 581 terram
1080 546 1117 579 et
1133 538 1431 591 plenitudinem
1453 538 1554 589 ejus.
1579 544 1623 577 tu
1639 537 1829 591 fundasti
1843 549 1924 586 eas,

848 618 1184 671 septemtrionem
1204 620 1241 655 et
1259 613 1467 655 meridiem
1491 619 1535 654 tu
1556 616 1721 664 creasti,

908 681 1064 723 Thabor
1083 687 1121 721 et
1142 684 1322 721 Hermon
1342 682 1388 719 iu
1407 679 1575 719 nomine
1598 686 1666 719 tuo
1681 677 1884 728 exultant,

853 759 940 802 Tibi
964 759 1051 813 [est]
1077 755 1291 799 brachium
1312 769 1403 797 cum
1420 754 1686 809 fortitudine,

900 822 1023 878 fortis
1038 831 1096 864 est
1113 834 1262 863 manus
1281 827 1353 862 tua
1373 821 1439 875 [et]
1459 820 1543 862 alta
1565 826 1623 861 est
1638 822 1781 861 deoetra
1803 827 1896 862 tuae
1912 819 1981 874 [ad

1638 885 1953 938 [imperandum]
1965 897 1979 933 ;

848 964 1044 1016 Aequitas
1062 961 1281 1012 etjustitia
1304 958 1430 1011 [sunt]
1450 955 1976 1012 fulcimentumthronitui‚

903 1027 1185 1067 misericordia
1196 1032 1234 1065 et
1245 1022 1421 1076 fidelitas
1432 1020 1682 1075 praecedunt
1692 1022 1835 1075 faciem
1849 1028 1977 1062 tuam.

849 1105 998 1145 Beatus
1017 1102 1192 1155 populus
1211 1104 1342 1142 sciens
1357 1099 1647 1152 jubilationem
1675 1098 1893 1152 [sanctam]
1918 1097 1978 1148 (¹),

904 1169 1004 1224 [qui]
1028 1180 1050 1208 ο
1071 1166 1242 1216 .1ι3ἡουα,
1266 1168 1310 1207 in
1332 1165 1489 1207 lumine
1509 1164 1646 1205 vultus
1668 1166 1729 1204 tui
1749 1161 1980 1212 ambulant,

852 1249 898 1286 ln
921 1247 1089 1286 nomine
1112 1251 1180 1285 tuo
1202 1243 1391 1285 eJ‘ultant
1408 1250 1495 1284 tota
1515 1245 1592 1292 die,

902 1318 939 1351 et
960 1323 1031 1363 per
1047 1312 1258 1362 justitiam
1282 1316 1396 1350 tuam
1413 1307 1677 1349 eoealtantur:

850 1390 958 1439 Quia
979 1389 1173 1439 majestas
1192 1386 1457 1441 fortitudinis
1478 1398 1614 1426 eorum
1641 1393 1685 1425 tu
1706 1385 1775 1438 [es]

903 1461 940 1495 et
959 1457 1004 1494 iu
1025 1452 1276 1508 beneplacito
1298 1458 1367 1492 tuo
1388 1450 1600 1492 exaltatur
1619 1462 1749 1490 cornu
1769 1455 1978 1499 nostrum3

851 1536 953 1572 Nam
970 1530 1146 1573 Jeliovae
1169 1531 1255 1584 [est]
1277 1530 1440 1585 clypeus
1455 1535 1607 1578 noster,

903 1601 940 1638 et
959 1597 1102 1639 Sancti
1122 1596 1251 1637 Israel
1270 1608 1342 1636 rex
1362 1596 1529 1635 noster!

850 1795 899 1844 A)
916 1794 1036 1833 Tunc
1057 1793 1231 1833 locutus
1253 1803 1298 1831 es
1320 1791 1366 1830 in
1388 1789 1556 1830 visione
1578 1792 1728 1828 sancto
1750 1792 1824 1827 tuo

903 1863 943 1897 et
965 1858 1141 1897 dixisti:
1169 1870 1187 1895 «
1212 1856 1339 1908 posui
1361 1855 1579 1895 auxilium
1600 1864 1733 1904 super
1755 1853 1899 1899 heroa,

906 1935 925 1960 ))
957 1922 1143 1963 exaltavi
1176 1923 1363 1962 electum
1389 1921 1441 1960 de
1462 1919 1603 1971 plebe,

853 2013 873 2038 »
907 2000 1055 2039 Inveni
1080 1999 1216 2038 David
1238 2010 1414 2038 servum
1444 2008 1609 2042 meum,

906 2078 924 2102 n
958 2077 1057 2104 cum
1081 2065 1175 2103 oleo
1197 2061 1441 2103 sanctitatis
1464 2066 1586 2101 meae
1609 2061 1715 2099 unxi
1739 2071 1856 2107 eum,

854 2154 872 2178 »
905 2141 1001 2189 Qui.
1028 2152 1185 2179 manus
1206 2150 1298 2178 mea
1320 2138 1445 2176 firma
1468 2137 1549 2176 erit
1571 2148 1670 2176 cum
1695 2149 1743 2176 eo

909 2219 926 2242 »
960 2206 1049 2256 imo
1070 2204 1300 2244 brachium
1324 2214 1472 2242 meum
1496 2201 1761 2241 confortabit
1783 2214 1898 2249 eum,

855 2297 873 2322 »
906 2284 1001 2323 Non
1024 2280 1291 2332 praevalebit
1312 2279 1522 2318 inimicus
1544 2278 1590 2317 in
1610 2290 1658 2317 eo

908 2362 926 2386 n
960 2354 1000 2389 et
1022 2348 1139 2388 filius
1162 2346 1411 2398 iniquitatis
1433 2357 1522 2385 non
1544 2345 1703 2396 affliget
1726 2357 1825 2384 eum
1848 2358 1856 2392 ;

854 2439 873 2464 >J
907 2427 1142 2466 Concidam
1165 2436 1188 2464 a
1211 2423 1320 2464 facie
1343 2423 1437 2474 ejus
1459 2423 1666 2462 inimicos
1688 2423 1782 2473 ejus

908 2504 927 2529 η
959 2497 999 2532 et
1021 2491 1219 2531 odientes
1240 2500 1340 2529 eum
1362 2488 1604 2539 percutiam
1623 2501 1630 2534 ;
1795 2499 1909 2551 [cum
1933 2512 1982 2540 30

855 2582 875 2607 ))
907 2569 957 2609 Et
978 2568 1166 2609 fidelitas
1189 2578 1284 2606 mea
1307 2572 1348 2606 et
1376 2565 1676 2605 misericordia
1701 2577 1795 2605 mea
1823 2563 1981 2616 [erunt]

910 2648 928 2672 >)
961 2639 999 2673 et
1013 2643 1260 2684 pernomen
1277 2643 1425 2671 meum
1444 2631 1711 2670 exaltabitur
1723 2642 1858 2670 cornu
1873 2628 1981 2680 ejus,

857 2724 876 2749 ))
910 2712 957 2751 Et
982 2722 1140 2761 ponam
1165 2709 1210 2748 in
1234 2720 1355 2748 mare
1378 2719 1556 2747 manum
1583 2708 1676 2758 ejus

908 2789 926 2814 »
961 2781 1002 2817 et
1022 2775 1069 2815 in
1093 2773 1294 2814 Flumine
1315 2774 1513 2813 dextram
1539 2773 1655 2823 ejus:

856 2867 874 2890 »
908 2854 1003 2904 Ipse
1025 2852 1197 2892 vocabit
1218 2862 1312 2891 me:
1340 2863 1359 2889 «
1383 2855 1506 2902 pater
1527 2862 1651 2890 meus
1675 2849 1735 2901 [tu
1759 2849 1836 2901 esl.

909 2931 927 2955 »
960 2920 1067 2958 deus
1090 2929 1230 2965 meus,
1255 2921 1296 2956 et
1316 2927 1449 2967 rupes
1471 2915 1624 2956 salutis
1647 2914 1797 2955 meae!
1824 2926 1843 2951 1)

856 3008 873 3032 ›)
906 2995 998 3034 Imo
1021 3006 1099 3045 ego
1122 2993 1469 3045 primogenitum
1491 2991 1602 3032 dabo
1623 2993 1768 3040 illum,

907 3071 926 3096 1>
957 3061 1179 3100 excelsum
1204 3070 1306 3110 prae
1326 3058 1504 3110 regibus
1525 3061 1691 3104 terrae3
1822 3067 1981 3119 [meam

855 3148 873 3172 ι)
906 3137 951 3175 In
973 3142 1203 3177 aeternum
1235 3136 1504 3176 conservabo
1538 3135 1601 3174 illi
1632 3132 1979 3173 misericordiam

907 3213 924 3237 n
946 3205 998 3241 'et
1019 3202 1173 3241 foedus
1196 3213 1342 3241 meum
1367 3199 1480 3252 [erit]
1505 3200 1631 3240 fidele
1653 3200 1706 3246 ei,

282 3322 325 3361 (1)
350 3321 491 3361 Teru'a,
513 3324 581 3354 cris
602 3323 825 3363 d'allegrcsse
845 3331 889 3354 au
914 3333 975 3355 son
996 3324 1057 3355 des
1075 3326 1284 3364 trompettes
1306 3323 1528 3363 liturgiques.
