2243 3568
256 321 290 356 9.
313 321 433 366 Signa
453 322 588 355 nostra
613 329 690 354 non
713 319 771 354 vi-

209 369 353 409 dimus,
385 366 463 413 jam
492 377 568 401 non
597 369 655 401 est
682 376 772 411 pro-

209 416 321 461 pheta
348 427 354 449 :
378 415 398 433 1
428 417 466 449 et
497 425 567 449 nos
600 424 677 448 non
708 424 772 448 co—

209 465 370 504 gnoscet
389 461 573 506 amplius.

258 509 312 544 10.
332 509 554 554 Usquequo,
576 509 690 547 Deus,
706 508 771 542 im-

210 557 436 602 properabit
452 556 637 591 inimicus
658 568 664 590 :
682 556 701 574 1·
726 556 771 590 ir-

209 605 302 639 ritat
340 603 593 639 adversarius
632 614 772 638 nomen

209 655 319 686 tuum
343 651 381 685 in
404 651 521 685 finem
537 648 557 685 ἶ)

257 699 312 734 11.
340 699 386 733 Ut
408 698 503 743 quid
523 698 670 733 avertis
693 708 773 733 ma-

209 757 301 781 num
340 749 460 785 tuam,
496 749 533 781 et
571 746 773 781 dexteram

211 797 330 833 tuam,
349 793 369 812 1
387 793 434 828 de
453 793 579 828 medio
598 793 689 828 sinu
708 796 773 828 tuo

209 841 248 875 in
272 841 388 876 finem
409 838 428 875 ἱ)

257 889 312 923 1⁶2.
337 889 435 923 Deus
450 890 581 923 autem
602 898 669 923 rex
686 898 771 922 nos-

211 938 268 971 ter
289 938 380 970 ante
408 935 566 973 saecula,
590 935 609 954 1
636 946 772 980 opera-

209 986 272 1018 tus
295 986 354 1018 est
382 983 549 1018 salutem
579 983 617 1017 in
647 983 773 1018 medio

211 1034 326 1066 terrze

256 1078 316 1114 13.
362 1078 416 1112 Tu
450 1077 691 1112 confirmasti
734 1077 771 1111 in

210 1126 355 1160 virtute
388 1129 452 1159 tua
482 1135 586 1159 mare
608 1136 614 1159 :
639 1125 658 1142 1
679 1135 772 1159 con—

211 1172 547 1217 tribulasticapita
558 1172 772 1207 draconum

210 1220 248 1254 in
270 1220 397 1265 aquis.

257 1267 313 1302 14.
329 1268 382 1302 Tu
398 1266 630 1312 confregisti
647 1266 772 1311 capita

209 1314 420 1350 draconis:
456 1314 475 1333 1
507 1314 650 1349 dedisti
685 1325 772 1348 eum

209 1372 336 1397 escam
359 1361 514 1407 populis
534 1361 771 1406 AEiliiopum.

256 1410 317 1444 15.
345 1410 399 1444 Tu
427 1409 614 1453 dirupisti
645 1409 772 1443 tontes

210 1459 247 1491 et
270 1459 467 1492 torrentes
488 1468 494 1490 :
513 1456 532 1474 1
554 1459 593 1491 tu
614 1455 771 1491 siccasti

210 1504 351 1539 fluvios
373 1504 509 1538 Ethan.

258 1551 313 1586 16.
337 1551 441 1585 Tuus
457 1554 517 1586 est
535 1550 632 1587 dies,
652 1553 690 1585 et
707 1553 772 1585 tua

209 1602 268 1634 est
299 1609 402 1633 nox:
434 1598 453 1617 1
485 1601 524 1633 tu
557 1598 772 1633 fabricatus

209 1656 249 1681 es
271 1656 451 1681 auroram
472 1648 509 1680 et
530 1644 665 1680 solem.

257 1694 312 1728 17.
331 1694 385 1728 Tu
403 1693 529 1729 fecisti
549 1702 684 1728 omnes
700 1696 771 1727 ter-

210 1741 337 1776 minos
355 1743 492 1775 terrae:
511 1740 530 1759 1·
545 1743 723 1775 aestatem
737 1743 774 1775 et

211 1799 277 1823 ver
297 1791 337 1823 tu
358 1787 559 1833 plasmasti
583 1798 638 1822 ea.

259 1835 313 1870 18.
348 1836 493 1870 Memor
524 1838 607 1870 esto
638 1832 772 1879 hujus,

211 1882 397 1918 inimicus
411 1882 690 1927 improperavit
708 1882 772 1916 Do>

212 1930 344 1964 mino:
368 1930 387 1948 1
416 1933 451 1964 et
480 1929 647 1974 populus
677 1929 774 1963 insi-

212 1977 322 2022 piens
394 1977 573 2011 incitavit
634 1986 773 2011 nomen

213 2027 336 2059 tuum.

260 2071 314 2105 19.
331 2072 383 2105 Ne
397 2071 528 2106 tradas
543 2070 773 2105 bestiisani-

212 2129 293 2153 mas
321 2118 556 2153 confitentes
587 2118 670 2155 tibi,
695 2117 714 2136 1·
738 2121 776 2152 et

211 2166 362 2201 animas
383 2176 595 2210 pauperum
619 2168 774 2200 tuorum

212 2224 260 2248 ne
281 2213 530 2248 obliviscaris
550 2213 588 2247 in
613 2213 742 2247 tinem.

258 2260 315 2295 20.
337 2260 497 2305 Respice
514 2260 551 2294 in
569 2263 774 2294 testamen

213 2311 295 2342 tum
321 2311 428 2342 tuum
451 2319 458 2342 ι
479 2307 498 2326 1
524 2307 613 2352 quia
638 2307 774 2351 repleti

212 2358 319 2391 sunt.
353 2355 418 2400 qui
451 2354 650 2390 obscurati
683 2357 777 2389 sunt

215 2406 328 2437 terrze
365 2403 546 2437 domibus
588 2402 776 2447 iniquita-

214 2453 308 2484 tum.

258 2497 315 2531 21.
340 2497 392 2531 Ne
417 2499 619 2532 avertatur
648 2496 776 2531 humi—

214 2544 261 2579 lis
283 2545 407 2579 tactus
426 2545 615 2579 contusus
632 2555 638 2578 :
653 2543 672 2562 1
686 2554 775 2588 pau-

213 2602 280 2635 per
325 2594 361 2625 et
405 2591 516 2636 inops
560 2591 777 2626 laudabunt

214 2649 352 2672 nomen
378 2642 501 2673 tuum.

259 2686 317 2720 22.
336 2686 500 2729 Exurge,
520 2687 631 2724 Deus,
645 2683 776 2730 judica

214 2742 370 2767 causam
410 2736 542 2767 tuam:
575 2732 594 2751 1
632 2743 776 2767 memor

214 2782 298 2814 esto
330 2779 654 2824 improperiorum
690 2783 776 2814 tuo-

216 2837 314 2863 rum.
338 2837 470 2861 eorum
494 2838 580 2871 quae
602 2827 650 2861 ab
678 2827 776 2861 insi-

215 2874 344 2918 piente
366 2876 457 2908 sunt
482 2876 560 2908 tota
582 2873 656 2908 die.

261 2920 318 2954 23.
333 2921 382 2955 Ne
400 2920 648 2955 obliviscaris
664 2930 777 2956 voces

217 2967 465 3002 inimicorum
482 2970 637 3001 tuorum
657 2979 663 3001 :
683 2967 776 3001 *su*

216 3014 348 3058 perbia
374 3025 520 3051 eorum,
543 3014 607 3059 qui
631 3017 665 3048 te
686 3015 777 3049 ode-

217 3064 324 3102 runt,
347 3061 524 3096 aseendit
540 3071 705 3105 semper.

977 194 1212 233 —202—

849 319 981 369 Signa
1002 322 1150 358 nostra
1173 318 1219 368 (¹)
1243 330 1331 358 non
1352 319 1555 360 videmus
1576 319 1817 375 [amplius]‚

902 395 989 423 non
1012 389 1076 423 est
1098 383 1291 434 amplius
1318 385 1527 434 propheta

901 455 937 489 et
964 461 1049 487 non
1071 447 1167 499 [est]
1192 450 1306 488 inter
1329 452 1405 489 n'os
1429 450 1570 489 sciens
1594 452 1855 503 usquequo!

1397 574 1431 613 II

848 662 1102 712 Usquequo,
1127 673 1150 701 o
1172 663 1301 710 Deus,
1338 662 1659 714 improperabit
1685 666 1978 713 adversarius,

898 728 1102 766 irridebit
1126 727 1338 767 inimicus
1361 734 1522 767 nomen
1541 733 1666 768 tuum
1685 730 1729 768 in
1762 742 1937 781 semper
1960 731 1983 768 ¹?

847 805 986 852 Quare
1009 804 1196 843 retrahis
1219 816 1400 844 manum
1426 810 1545 845 tuam
1778 808 1871 855 [bes
1894 808 1916 847 ἵ)
1939 806 1986 857 (²)

901 874 941 908 et
973 870 1171 909 dextram
1197 875 1316 909 tuam
1340 871 1394 910 de
1428 872 1573 911 medio
1604 872 1730 912 sinus
1772 873 1833 913 tui
1865 874 1985 913 cohi-

848 946 953 985 Nam
980 947 1093 986 Deus
1118 945 1212 997 [est]
1237 958 1311 986 rex
1337 959 1461 987 meus
1483 949 1536 988 ab
1557 950 1757 1001 antiquo,

900 1011 1064 1050 faciens
1087 1012 1415 1052 salvationes-in
1442 1014 1586 1053 medio
1608 1020 1749 1054 terrae
1774 1030 1780 1054 :

846 1088 905 1126 Tu
929 1087 1141 1137 separasti
1167 1099 1244 1138 per
1264 1089 1473 1129 virtutem
1498 1095 1617 1130 tuam
1640 1104 1759 1131 mare
1781 1091 1828 1142 (³)

899 1153 1154 1203 confregisti
1178 1154 1319 1204 capita
1342 1156 1581 1194 draconum
1607 1168 1742 1207 super
1761 1169 1913 1208 aquas,

847 1231 906 1269 'Fu
929 1230 1177 1270 contrivisti
1201 1231 1340 1282 capita
1366 1231 1619 1279 Leviattian‚

900 1296 1059 1335 dedisti
1083 1296 1190 1336 illud
1216 1308 1361 1336 escam
1386 1298 1548 1348 populo
1569 1298 1808 1338 Artdorum
1835 1314 1843 1339 ε

846 1373 906 1411 Tu
929 1373 1138 1423 dirupisti
1160 1373 1326 1413 iontem
1348 1378 1388 1414 et
1406 1379 1665 1423 torrentem,

900 1443 944 1477 tu
968 1438 1198 1478 exsiccasti
1224 1439 1381 1479 ssuvios
1405 1440 1715 1491 perpetuitatis
1740 1457 1748 1489 ;

846 1516 940 1555 Tibi
964 1516 1062 1565 [est]
1085 1517 1193 1563 dies,
1218 1528 1396 1567 quoque
1418 1516 1505 1556 tibi*
1522 1514 1617 1563 [est]
1640 1529 1743 1567 nox,

900 1585 945 1620 tu
968 1581 1237 1621 constituisti
1258 1581 1477 1621 luminare
1497 1587 1538 1622 et
1558 1584 1712 1631 solem,

847 1659 905 1697 Tu
929 1658 1197 1697 constituisti
1220 1670 1374 1698 omnes
1396 1659 1610 1698 terminos
1633 1664 1787 1708 terrae,

900 1728 1108 1763 aestatem
1133 1729 1173 1763 et
1195 1724 1403 1769 hiemem,
1428 1728 1473 1764 tu
1498 1725 1723 1774 plasmasti
1749 1724 1845 1764 eas!

1387 1848 1441 1887 m
1774 1873 1981 1925 [Jehovae

848 1937 1067 1976 Memento
1103 1937 1183 1975 hoc
1228 1935 1378 1987 [quod]
1410 1937 1621 1977 inimicus
1661 1937 1982 1989 improperavit

902 2007 939 2040 et
967 2001 1154 2051 populus
1178 2001 1370 2040 infidelis
1392 2002 1630 2041 irriserunt
1647 2014 1807 2042 nomen
1823 2007 1978 2042 tuum:

849 2077 910 2116 Ne
931 2079 1006 2116 stes
1039 2077 1193 2116 bestiis
1224 2077 1418 2116 animam
1455 2078 1737 2118 confitentem
1766 2084 1805 2118 te
1836 2077 1882 2128 (⁴)
1913 2077 1982 2124 [on

1615 2144 1821 2190 [turturis
1846 2142 1979 2194 tuaeJ,

902 2208 1095 2246 animam
1131 2205 1198 2258 [ou
1229 2205 1403 2259 agmen]
1436 2220 1679 2259 pauperum
1713 2214 1890 2248 tuorum
1926 2219 1981 2248 ne

1335 2272 1627 2324 [obliviscaris
1649 2273 1695 2312 in
1717 2278 1946 2313 aeternum
1968 2285 1977 2318 ς

850 2350 1033 2400 Respice
1054 2350 1104 2388 ad
1132 2350 1284 2389 foedus
1306 2348 1483 2401 [tuum]‚
1620 2349 1871 2402 [violentiae
1891 2365 1898 2397 ;
1933 2351 1980 2400 (⁵)

902 2415 1003 2466 quia
1025 2415 1153 2466 plena
1177 2420 1279 2454 sunt
1301 2415 1486 2455 obscura
1508 2420 1649 2455 terrae
1672 2415 1982 2455 mansionibus

850 2492 910 2531 Ne
931 2496 1154 2531 avertatur
1175 2503 1414 2543 oppressus
1436 2492 1661 2540 contusus,

903 2555 1012 2609 [sed]
1033 2557 1170 2596 miser
1188 2563 1227 2596 et
1249 2569 1418 2608 pauper
1438 2558 1618 2598 laudent
1640 2570 1798 2597 nomen
1819 2562 1945 2598 tuum
1971 2572 1978 2597 :

851 2635 1045 2682 Exsurge
1069 2632 1203 2685 [ergo]
1226 2646 1249 2673 o
1272 2635 1400 2680 Deus,
1425 2645 1502 2683 age
1524 2646 1699 2673 causam
1723 2639 1860 2675 tuam.

905 2704 1127 2739 memento
1149 2699 1376 2750 opprobrii
1399 2699 1460 2739 tui
1481 2700 1533 2738 ab
1555 2699 1723 2738 infideli
1748 2704 1832 2738 tota
1856 2696 1940 2745 die,

851 2777 911 2816 Ne
929 2776 1206 2815 obliviscaris
1229 2787 1376 2816 vocem
1402 2775 1685 2815 inimicorum
1714 2780 1907 2819 tuorum.

904 2842 1129 2881 fremitum
1166 2841 1493 2892 insurgentium
1528 2845 1678 2880 contra
1703 2844 1757 2887 te,
1783 2839 1875 2890 [qui
1899 2838 1979 2890 est]

1487 2904 1747 2957 [ascendens
1772 2915 1948 2955 semper
1969 2901 1979 2942 1

280 3166 323 3202 41)
347 3165 523 3203 Ρποίίἰμοε,
545 3166 679 3195 oracles
700 3166 742 3195 (ie
764 3164 890 3195 l'L'm'm
911 3167 945 3195 et
969 3161 1188 3202 Tlmmmz'm‚
1210 3166 1275 3195 etc.

280 3206 325 3243 (2)
354 3208 429 3236 hire
450 3207 691 3237 evidcmment
713 3204 865 3235 cecalleh
887 3215 929 3235 au
953 3206 1020 3235 lieu
1040 3206 1082 3236 ‹le
1104 3204 1235 3243 muesz,
1258 3204 1450 3245 impet-atii.

280 3248 311 3278 (3
346 3247 504 3277 Altusion
526 3257 594 3278 aux
612 3248 775 3287 prodigos
796 3248 838 3277 (le
854 3247 883 3276 la
906 3248 1014 3278 sortie
1029 3247 1198 3285 &EQ-pte
1215 3248 1250 3277 et
1265 3256 1307 3277 au
1329 3249 1405 3277 sort
1419 3246 1464 3276 du
1484 3246 1642 3285 pharaon
1657 3246 1692 3275 ct
1707 3245 1749 3274 [le
1765 3251 1826 3273 son
1841 3243 1979 3273 armee:

218 3298 261 3318 ou
283 3298 326 3318 au
355 3290 442 3318 revit
468 3290 510 3318 do
552 3290 581 3319 la
604 3290 760 3320 creation
787 3288 948 3319 etotiiste.
986 3288 1014 3317 ia
1044 3289 1244 3326 separation
1273 3289 1334 3318 des
1361 3296 1451 3317 eaux
1483 3288 1710 3326 superieures
1742 3287 1778 3316 et
1805 3284 1866 3314 des
1890 3290 1982 3314 eaux

219 3329 440 3365 interieures,
467 3330 496 3359 ld
522 3330 611 3361 tutte
631 3332 733 3360 entre
755 3329 785 3359 te
806 3329 996 3365 Demiurge
1017 3330 1051 3359 et
1070 3328 1100 3358 le
1121 3328 1226 3358 chaos
1247 3328 1415 3368 primitit.

282 3371 326 3409 (4)
351 3371 399 3401 En
420 3370 527 3402 lisant
549 3368 702 3402 modesta
725 3379 768 3401 au
789 3370 856 3401 lieu
877 3371 920 3401 de
942 3367 1107 3409 thoreka,
1123 3377 1167 3400 on
1187 3378 1206 3400 a
1228 3370 1385 3410 (aymen)
1402 3366 1654 3407 confitentium
1673 3364 1754 3405 tibi,
1768 3373 1908 3397 comme
1921 3366 1983 3397 ont
