2243 3568
271 287 325 322 15.
348 287 445 321 Dum
485 284 677 320 discernit
710 294 787 318 coe-

223 335 335 370 lestis
387 342 499 378 reges
533 341 651 376 super
689 341 786 368 eam,

223 382 312 416 nive
333 379 622 416 dealbabuntur
644 378 683 413 in
704 378 788 413 Sel-

223 439 312 463 mon
336 439 344 469 3

271 475 325 510 16.
351 475 463 509 Mons
482 474 559 511 Dei,
574 483 686 509 mons
700 472 787 517 pin-

223 523 327 568 guis.
375 522 487 556 Mons
541 520 786 566 coagulatus,

223 579 336 605 mons
355 568 516 614 pinguis
534 579 542 610 ;

272 617 327 651 17.
353 617 401 651 Ut
423 615 518 661 quid
530 615 787 660 suspicamini

224 667 377 699 montes
399 663 626 709 coagulatos
646 660 665 697 ἶ)
679 663 789 697 Mons

225 712 265 746 in
299 722 375 756 quo
408 709 696 755 beneplacitum
731 712 791 744 est

227 760 301 794 Deo
320 758 498 794 habitare
520 757 559 792 in
577 768 620 792 eo
638 768 645 798 ς
669 763 687 781 7⁶·
710 760 789 791 ete—

226 807 307 841 nim
332 805 521 840 Dominus
541 804 734 840 habitabit
752 804 789 838 in

227 853 358 888 finem.

274 901 331 935 18.
373 900 521 935 Currus
557 899 620 934 Dei
659 899 789 934 decem

227 948 404 983 millibus
426 946 648 992 multiplex,
669 945 791 980 millia

228 995 448 1030 lactentium
466 1005 473 1036 ;
501 994 521 1013 *
545 993 732 1028 Dominus
752 993 791 1027 in

228 1043 284 1078 eis
307 1042 346 1077 in
375 1042 467 1077 Sina
488 1041 526 1076 in
546 1044 694 1076 sancto.

277 1090 332 1125 19.
350 1089 575 1125 Ascendisti
604 1088 643 1122 in
668 1088 791 1123 altum

229 1137 367 1182 cepisti
421 1136 689 1181 captivitatem
712 1146 719 1177 3
773 1134 793 1153 ³*

228 1183 413 1229 accepisti
433 1184 533 1219 dona
553 1184 593 1217 in
623 1182 792 1217 homini-

231 1232 318 1267 bus.
355 1229 509 1265 Etenim
529 1241 605 1265 non
631 1230 793 1265 creden—

231 1282 302 1317 tes.
317 1284 335 1302 ‡
350 1278 571 1313 inhabitare
588 1277 792 1312 Dominum

231 1327 366 1361 Deum.

275 1373 333 1408 ΞΟ.
355 1372 588 1410 Benedictus
607 1371 794 1406 Dominus

227 1420 290 1456 die
307 1420 503 1466 quotidie3
522 1423 541 1442 *
562 1429 793 1465 prosperum

230 1468 304 1502 iter
327 1467 441 1503 faciet
463 1467 576 1502 nobis
607 1467 708 1501 Deus
731 1476 794 1501 sa—

230 1515 418 1550 lutarium
441 1518 667 1549 nostrorum
690 1539 697 1546 .

275 1562 318 1597 21
371 1563 472 1596 Deus
503 1564 651 1601 noster,
692 1561 794 1595 Deus

229 1610 358 1644 salvos
382 1609 548 1644 faciendi
570 1619 577 1651 3
602 1612 621 1630 ἧς
652 1611 690 1643 et
722 1609 793 1643 Do—

228 1657 333 1691 mini·
349 1656 501 1691 Domini
529 1656 660 1691 exitus
695 1665 792 1690 mor-

230 1704 294 1739 tis.

275 1751 332 1786 22.
376 1751 653 1786 Verumtamen
693 1751 794 1785 Deus

228 1798 452 1844 confringet
490 1798 617 1843 capita
661 1797 794 1832 inimi-

228 1855 362 1881 corum
397 1855 585 1886 suorum;
627 1846 646 1864 ³¹⁶
672 1845 793 1880 verti-

229 1903 311 1928 cem
341 1892 472 1938 capilli
516 1892 793 1937 perambulan-

231 1940 328 1975 tium
351 1940 391 1974 in
412 1939 568 1975 delictis
587 1939 685 1974 suis.

275 1987 335 2022 23.
362 1987 468 2022 Dixit
495 1986 683 2022 Dominus
708 1998 714 2021 ι
741 1987 793 2020 Ex

231 2035 355 2070 Basan
386 2037 627 2069 convertam.
653 2038 670 2056 ³*
700 2044 794 2068 con-

229 2085 378 2117 vertam
449 2081 487 2115 in
554 2081 793 2126 profundum

230 2129 373 2171 maris;

275 2176 331 2210 ⁶24.
375 2176 423 2210 Ut
465 2175 688 2221 intingatur
728 2185 794 2220 pes

231 2227 322 2258 tuus
345 2223 384 2257 in
397 2223 611 2268 sanguine3
627 2227 646 2245 *
660 2222 793 2267 lingua

228 2280 369 2305 canum
387 2274 543 2306 tuorum
560 2281 606 2305 ex
621 2269 794 2305 inimicis

229 2318 277 2353 ab
299 2318 396 2363 ipso.

274 2365 332 2399 25.
358 2364 549 2400 Viderunt
587 2364 793 2409 ingressus

232 2415 333 2453 tuos,
372 2413 487 2455 Deus,
527 2416 545 2435 2⁸
586 2412 794 2457 ingressus

232 2460 296 2494 Dei
331 2460 432 2502 mei3
474 2459 579 2504 regis
612 2459 687 2494 mei
726 2458 792 2503 qui

230 2510 287 2542 est
306 2507 345 2541 in
368 2510 519 2542 sancto·

275 2554 332 2589 26.
370 2554 653 2589 Praevenerunt
683 2552 793 2598 prin-

228 2601 333 2646 cipes
357 2599 558 2646 conjuncti
587 2600 793 2645 psallenti—

229 2648 316 2688 bus,
343 2648 363 2667 *
385 2648 424 2682 in
456 2648 582 2683 medio
602 2645 795 2693 juvencu—

231 2695 353 2729 larum
379 2695 793 2742 tympaniastrianum.

274 2742 332 2776 27.
358 2743 399 2776 ln
431 2742 607 2777 ecclesiis
639 2742 793 2777 benedi-

229 2789 305 2823 cite
326 2790 399 2823 Deo
423 2789 597 2824 Domino.
616 2795 635 2813 *²
654 2789 700 2824 de
714 2790 792 2824 fon-

231 2836 337 2870 tibus
361 2836 495 2870 lsrael.

276 2883 334 2918 28⁴
370 2883 424 2917 lbi
466 2880 665 2927 Benjamin
701 2883 794 2918 ado-

230 2929 487 2965 lescentulus.
521 2930 540 2948 *
570 2930 606 2963 in
652 2930 794 2964 mentis

230 2986 408 3011 excessu.
447 2976 645 3020 Principes
677 2977 791 3015 juda,

229 3024 348 3058 duces
371 3034 503 3058 eorum
524 3034 531 3065 ;
560 3029 572 3047 ‘2-
597 3023 793 3067 principes

230 3071 412 3113 Zabulon,
440 3070 638 3115 principes
672 3070 791 3114 Neph>

231 3117 339 3153 thali.

989 156 1226 198 —178—

1413 284 1446 322 V

862 385 910 424 In
933 385 1191 435 dissipando
1213 384 1375 423 Saddai
1398 394 1522 434 reges
1544 383 1590 422 in
1609 394 1655 423 ea
1674 382 1840 435 [terra]‚

917 450 1168 489 nivescebat
1184 449 1229 488 in
1247 448 1426 488 Selmon
1438 477 1687 487 ..........
1823 449 1994 498 [Basan‚

866 514 1016 567 [Tunc]
1052 527 1180 555 mons
1220 515 1293 554 Dei
1331 513 1401 565 [ou
1435 514 1682 554 altissimus
1713 512 1836 566 [erat]
1869 525 1997 554 mons

918 593 1045 620 mons
1070 580 1388 620 celsitudinum
1413 580 1538 632 [erat]
1562 591 1689 619 mons
1707 580 1847 620 Basan
1872 593 1881 619 :

865 647 918 686 Ut
940 646 1047 697 quid
1070 646 1295 692 invidetis⁷
1319 646 1343 684 o
1366 650 1537 684 montes
1563 644 1897 690 celsitudinum‚

920 712 1056 751 monti
1079 709 1245 763 [quem]
1265 710 1533 750 desideravit
1564 711 1677 750 Deus
1710 711 1763 749 ad
1800 709 1997 750 habitan-

1774 773 1898 826 [dum
1918 774 1997 814 se?

920 846 1035 881 certe
1055 841 1218 881 Jehova
1239 840 1457 880 habitabit
1476 838 1612 890 [eum]
1632 841 1679 880 in
1697 844 1942 879 aeternum.

867 907 1032 945 Currus
1061 906 1134 946 Dei
1167 906 1255 945 duo
1290 906 1527 957 myriades,
1576 905 1715 944 millia
1752 904 2002 944 iterationis

1848 967 1947 1021 [sun
1963 974 1992 1013 t,

921 1036 1089 1077 Adonai
1128 1037 1222 1086 [est]
1261 1037 1376 1076 inter
1397 1048 1484 1082 eos,
1511 1034 1657 1087 [Deus]
1691 1035 1813 1075 Sinai
1836 1033 1931 1085 [est]
1954 1035 2000 1074 in

1715 1099 1998 1151 [sanctuario.

868 1167 1078 1207 Ascendis
1099 1167 1146 1206 in
1167 1168 1324 1211 altum,
1349 1167 1543 1217 captivas
1565 1165 1882 1216 captivitatem,

921 1232 1085 1283 accipis
1102 1233 1214 1272 dona
1236 1232 1280 1271 in
1301 1231 1573 1279 hominibus,
1591 1236 1631 1270 et
1647 1231 1737 1270 imo
1759 1229 1839 1281 [in]
1862 1229 2000 1270 rebel-

922 1298 968 1337 in
990 1297 1229 1337 habitando
1246 1295 1341 1348 [ibi]
1362 1296 1573 1336 Jehovam
1594 1295 1781 1335 Elohim.
1849 1292 2001 1343 [libus‚

1812 1357 1948 1399 Selah.

1408 1464 1461 1503 VI

869 1570 1132 1610 Benedictus
1151 1568 1241 1622 [sit]
1260 1569 1430 1610 Adonai
1452 1569 1640 1620 singulis
1661 1568 1817 1608 diebus
1839 1583 1846 1607 ε

923 1635 1119 1687 [aliquis]
1151 1635 1352 1686 imponat
1373 1646 1486 1674 onus
1514 1634 1657 1682 nobis,
1690 1634 1728 1673 is
1758 1634 1873 1673 Deus
1900 1630 1998 1684 [est]

1685 1697 1819 1745 [salus
1836 1703 1999 1738 nostra.

869 1768 908 1807 Is
927 1769 1035 1807 deus
1054 1767 1181 1806 nobis
1199 1764 1295 1817 [est]
1314 1767 1422 1805 deus
1443 1766 1496 1806 ad
1515 1763 1778 1805 salvationes

922 1837 963 1872 et
982 1833 1173 1872 Jehovae
1196 1831 1364 1871 Adonai
1386 1829 1521 1883 [sunt]
1543 1831 1594 1870 ad
1620 1834 1809 1870 mortem
1840 1829 2000 1868 exitus.

870 1897 964 1936 lmo
987 1898 1101 1937 Deus
1120 1896 1359 1947 confringit
1382 1901 1513 1947 caput
1531 1896 1724 1935 hostium
1749 1905 1947 1941 suorum,

923 1962 1131 2001 verticem
1178 1961 1327 2012 capilli
1375 1960 1702 2001 deambulantis
1742 1960 1789 1999 in
1828 1958 2002 1998 delictis

1875 2022 1998 2070 [suis.

871 2092 989 2132 Dixit
1009 2092 1177 2131 Adonai
1197 2106 1204 2131 :
1231 2104 1249 2128 «
1275 2091 1336 2130 Ex
1358 2091 1495 2130 Basan
1513 2091 1771 2130 reducerem
1788 2086 1946 2141 [istos]‚

925 2169 943 2193 J)
976 2158 1233 2196 reducerem
1257 2157 1309 2199 de
1335 2155 1569 2206 profundis
1593 2155 1744 2202 maris,

872 2234 890 2257 »
922 2221 981 2260 Ita
1003 2226 1048 2260 ut
1071 2221 1274 2260 rubescat
1297 2232 1371 2271 pes
1384 2225 1486 2260 tuus
1507 2220 1552 2259 in
1571 2219 1787 2269 sanguine

925 2298 944 2323 »
977 2285 1048 2337 [et]
1068 2286 1219 2336 lingua
1236 2297 1395 2325 canum
1417 2286 1676 2332 tuorum,de
1696 2284 1895 2324 hostibus
1910 2281 2000 2335 [sit]

1697 2351 1817 2400 [pars
1836 2347 1958 2400 ejus!
1981 2360 2001 2385 ))

1405 2444 1481 2484 VII

868 2552 1085 2591 Viderunt
1102 2552 1304 2592 incessus
1320 2556 1432 2596 tuos,
1453 2563 1477 2591 o
1494 2551 1682 2599 Elohim,

925 2617 994 2656 dei
1015 2617 1116 2663 mei,
1141 2617 1258 2668 regis
1282 2617 1384 2665 mei,
1402 2616 1448 2656 in
1470 2617 1748 2656 sanctuario:

870 2683 1143 2722 Praecedunt
1166 2687 1381 2729 cantores,
1404 2686 1552 2732 postea
1576 2682 1827 2732 psallentes,

922 2747 967 2785 in
986 2747 1132 2787 medio
1151 2747 1322 2797 puellae
1344 2746 1694 2798 tympanistriae,
1713 2743 1972 2794 [cantantes]
1990 2758 1998 2783 :

871 2825 889 2847 «
923 2811 968 2850 In
993 2812 1408 2863 congregationibus
1425 2811 1672 2851 benedicite
1694 2811 1866 2851 Elohim

924 2890 943 2913 >›
975 2877 1252 2928 [benedicite]
1287 2876 1471 2923 Adonai,
1507 2873 1600 2927 [qui
1644 2876 1766 2924 estis]
1798 2876 1852 2916 de
1881 2876 2002 2915 tonte

1773 2940 1919 2988 [Israel
1947 2939 1955 2979 l
1979 2951 1999 2977 »

868 3006 929 3044 lbi
955 3006 1202 3051 Beniamin,
1229 3006 1440 3057 parvulus
1460 3006 1727 3056 praecedens
1744 3005 1807 3045 eis
1831 3005 1893 3054 (¹)‚

924 3071 1146 3121 principes
1166 3072 1322 3119 „Iud-ae,
1344 3070 1625 3121 congregatio
1642 3081 1812 3117 eorum,

922 3135 1145 3185 principes
1166 3136 1375 3183 Zabulon,
1400 3135 1625 3186 principes
1645 3134 1864 3185 Nepthali.

290 3258 333 3296 (1)
358 3257 406 3288 En
431 3257 537 3288 lisant
554 3255 677 3294 qe'dem.
697 3265 740 3287 au
762 3256 831 3287 lieu
851 3257 893 3288 de
911 3256 1059 3287 rodem:
1077 3257 1109 3288 le
1126 3257 1206 3297 plus
1229 3259 1331 3297 jeune
1352 3260 1387 3289 et
1421 3257 1609 3289 marcham
1624 3263 1668 3287 en
1689 3255 1768 3294 tete,
1791 3265 1836 3287 au
1855 3256 1927 3286 lieu
1955 3255 2000 3285 de
