2243 3568
266 324 325 359 15.
361 322 552 358 Clamabit
571 321 621 356 ad
649 330 723 378 me,
747 322 785 354 et

219 382 289 417 ego
304 369 508 405 exaudiam
528 369 782 409 eu1n;³·⁶cu1n

219 419 314 470 ipso·
325 427 410 452 sum
435 416 473 450 in
495 415 782 456 tribulatione;

218 465 380 509 eripiam
401 474 487 498 eum
502 466 539 497 et
553 461 784 508 glorificabo

220 523 321 547 eum.

266 558 327 594 16.
356 556 783 603 Longitudinedierum

220 605 376 651 replebo
403 615 490 640 eum
515 615 522 644 ;
546 604 566 623 *
594 607 630 639 et
651 606 786 638 osten-

219 655 307 690 dam
341 652 398 687 illi
435 652 609 687 salutare
643 660 784 686 meum.

983 188 1219 234 ——258—

861 334 879 355 »
910 319 1137 359 Invocabit
1156 330 1224 358 me
1243 323 1283 357 et
1302 328 1380 367 ego
1398 317 1630 357 exaudiam
1655 329 1773 363 eum,

913 396 932 420 »
965 395 1064 423 cum
1097 395 1146 423 eo
1171 381 1275 434 [ero]
1298 382 1341 421 in
1365 381 1664 430 tribulatione,

861 472 879 497 »
913 460 1125 499 Liberabo
1146 471 1246 499 eum
1265 464 1304 498 et
1325 458 1579 509 glorificabo
1595 470 1711 507 eum,

914 538 933 562 »
966 525 1242 576 longitudine
1259 524 1431 564 dierum
1451 524 1656 564 saturabo
1672 536 1788 573 eum,

914 602 934 628 »
967 596 1007 630 et
1025 591 1253 629 ostendam
1277 589 1315 629 ei
1337 589 1524 629 salutem
1545 588 1710 629 meam!
1738 601 1758 627 ))

1578 725 1809 770 PSAUME
1846 726 1980 770 XCII.

301 844 474 880 l'saume
490 851 694 889 anonyme
713 851 788 878 sm·
809 837 849 877 [ιι
869 839 1061 877 sanction
1081 836 1128 877 (le
1151 836 1191 877 ία
1209 836 1264 877 loz'
1285 836 1454 886 morale,
1478 836 1683 890 dilatoque
1697 850 1752 877 (ια
1765 849 1932 889 psaume
1949 840 1972 877 Ι
1980 849 1994 877 .·

223 906 276 947 [κε
303 903 511 946 ἸηόσΙιαητε
537 911 630 943 sont
660 905 778 944 vonas
804 905 830 944 ὰ
862 916 940 942 une
967 908 1150 954 prompte
1176 904 1315 952 ruine,
1349 903 1488 942 timetis
1516 915 1592 956 que
1621 901 1654 942 le
1678 904 1792 954 juste
1819 900 1996 955 fleurira

221 983 371 1012 comme
403 969 437 1010 le
466 968 641 1021 palmier
670 983 677 1007 ε

276 1061 381 1101 XCI.
399 1082 450 1086 —
471 1060 666 1098 PSALMus
691 1070 784 1098 CAN-

223 1126 300 1154 Tim
324 1114 359 1154 ’1.
385 1125 425 1152 ἸΝ
449 1123 515 1151 DtE
533 1123 719 1151 SABBATJ.

270 1192 308 1226 2.
343 1191 491 1225 Bonum
519 1191 579 1224 est
606 1188 786 1223 confiteri

227 1238 403 1279 Domino,
426 1237 444 1255 *-
469 1239 507 1271 et
529 1236 697 1281 psallere
720 1246 790 1270 no-

225 1286 321 1322 mini
341 1288 421 1323 tuo,
442 1283 648 1318 Altissime
668 1294 676 1325 ;

271 1334 309 1368 3.
361 1332 420 1367 Ad
469 1330 789 1367 annuntiandum

226 1391 357 1416 mane
403 1377 789 1413 misericordiam

227 1432 346 1468 tuam,
363 1427 380 1445 ἦ*
406 1429 442 1461 et
459 1425 664 1460 veritatem
685 1428 790 1459 tuam

227 1486 293 1521 per
316 1477 467 1509 noctem
492 1483 499 1515 ;

274 1523 307 1557 4.
348 1522 389 1556 ln
417 1519 658 1556 decachordo
685 1519 791 1564 psal—

230 1569 359 1611 terio;
389 1568 407 1587 *ἶ
438 1578 526 1603 cum
553 1567 721 1609 cantico,
752 1566 790 1601 in

228 1617 390 1652 cithara.

275 1664 309 1699 5.
348 1662 443 1706 Quia
476 1661 681 1697 delectasti
716 1671 791 1707 me,

232 1710 405 1751 Domine,
430 1709 469 1743 in
493 1709 643 1744 factura
664 1711 728 1743 tua
750 1713 793 1742 ,ᾗ

230 1762 273 1794 et
302 1758 346 1792 in
383 1756 568 1802 operibus
605 1765 792 1790 manuum

233 1809 387 1840 tuarum
411 1803 608 1838 exultabo.

279 1852 316 1887 6.
367 1854 504 1894 (luam
545 1849 795 1894 magnificata

232 1902 327 1935 sunt
341 1909 455 1951 opera
474 1901 552 1935 tua
574 1895 756 1931 Domine!
777 1900 794 1918 ²²⁵

234 1946 387 1981 nimis
415 1944 619 1989 prolundcc
649 1944 795 1978 tactae

233 1996 328 2028 sunt
348 1992 608 2042 cogitationes
632 1993 683 2024 tu
677 2002 722 2025 e.

281 2041 320 2074 7.
368 2039 434 2073 Vir
480 2038 673 2082 insipiens
719 2047 795 2072 non

234 2089 444 2132 cognoscet
467 2097 474 2120 ς
511 2085 528 2103 *
571 2088 608 2119 et
648 2084 797 2119 stultus

235 2145 312 2169 non
335 2133 532 2178 intelliget
553 2132 648 2166 baec.

281 2181 315 2216 8
352 2180 447 2216 Cum
484 2179 609 2214 exorti
652 2178 799 2213 luerint

236 2231 458 2273 peccatores
471 2227 573 2261 sicut
593 2227 754 2267 loenum;
781 2225 800 2243 θ*

236 2279 273 2310 et
293 2274 549 2327 apparuerint
570 2284 705 2308 omnes
732 2272 799 2318 qui

236 2325 464 2374 operantur
470 2321 742 2365 iniquitatem:
758 2322 801 2354 ut

238 2370 434 2405 intereant
457 2368 495 2403 in
518 2368 708 2403 saeculum
731 2377 802 2402 sae-

237 2417 314 2451 culi
343 2428 350 2459 ;

283 2464 317 2499 9.
341 2464 394 2498 Tu
416 2466 546 2498 autem
569 2462 801 2497 Altissimus

241 2511 277 2545 in
300 2515 506 2548 aeternum,
533 2509 705 2544 Domine.

290 2558 342 2593 lO.
364 2558 553 2601 Quoniam
572 2567 658 2591 ecce
676 2556 801 2590 inimi-

239 2605 271 2640 ci
308 2605 378 2643 tui,
415 2605 585 2643 Domine,
618 2604 801 2648 quoniam

240 2663 326 2687 ecce
340 2652 487 2687 inimici
509 2652 563 2686 tui
578 2649 803 2696 peribunt;*

240 2703 277 2734 et
292 2699 572 2744 dispergentur
588 2708 723 2733 omnes
736 2698 803 2743 qui

240 2750 454 2792 operantur
475 2745 740 2790 iniquitatem.

288 2793 344 2828 11.
371 2794 415 2828 Et
436 2792 676 2828 exaltabitur
701 2792 805 2828 sicut

242 2840 446 2875 unicornis
473 2849 594 2874 cornu
624 2850 766 2880 meum,
785 2843 806 2864 *Ξ

243 2890 280 2922 et
295 2890 478 2922 senectus
497 2896 580 2921 mea
596 2886 636 2920 in
655 2886 804 2921 miseri-

243 2934 374 2969 cordia
396 2933 519 2968 uberi.

296 2981 347 3015 12.
385 2981 429 3015 Et
459 2980 638 3024 despexit
667 2980 805 3015 oculus

245 3038 354 3062 meus
374 3027 553 3061 inimicos
573 3037 677 3061 meos
700 3037 706 3068 ;
727 3027 744 3045 ³*
769 3030 807 3061 et

247 3075 284 3108 in
326 3073 627 3119 insurgentibus
669 3073 706 3107 in
749 3084 807 3108 me

247 3121 557 3166 malignantibus
584 3120 716 3155 audiet
737 3130 807 3154 au-

247 3168 302 3202 ris
322 3178 417 3203 mea.

295 3214 351 3249 213.
373 3215 513 3249 Justus
532 3217 575 3249 ut
595 3214 720 3258 palma
744 3214 806 3248 llo·

248 3261 350 3296 rebit
364 3272 371 3303 ;
385 3261 403 3279 '⁸
428 3261 531 3296 sicut
545 3261 686 3296 cedrus
702 3260 807 3295 Liba-

249 3308 288 3342 ni
310 3308 653 3353 multiplicabitur.

712 970 804 1022 cinq
825 967 1010 1020 strophas
1043 966 1089 1007 de
1112 970 1214 1007 trois
1247 966 1463 1021 disceque-e,
1491 969 1531 1007 1⁰
1547 966 1857 1013 eoehosrtatz'ona
1880 965 1996 1006 louer

995 1070 1204 1117 PSALMUS,
1229 1080 1451 1117 CAN'rictJM,
1475 1080 1557 1108 PRO
1578 1081 1646 1108 DIE
1667 1081 1851 1108 SABBATI.

1423 1171 1436 1209 1

864 1272 1032 1310 Bonum
1057 1276 1122 1311 est
1146 1270 1343 1310 confiteri
1365 1271 1556 1310 Jehovae

917 1342 957 1376 et
981 1336 1166 1387 psallere
1188 1336 1356 1375 nomini
1381 1341 1470 1380 tuo,
1494 1335 1733 1383 Altissime,

866 1401 1084 1440 Nunciare
1106 1401 1152 1440 in
1174 1401 1392 1440 matutino
1416 1400 1763 1440 misericordiam
1789 1406 1923 1447 tuam,

919 1471 960 1506 et
981 1466 1237 1506 fidelitatem
1261 1471 1380 1505 tuam
1402 1466 1445 1504 in
1469 1471 1609 1513 nocte,

866 1532 1010 1583 Super
1031 1532 1348 1572 decachordam
1373 1529 1547 1583 [lyram]
1570 1535 1612 1570 et
1644 1542 1777 1582 super
1798 1530 1996 1577 nablum,

919 1609 1052 1648 super
1073 1597 1423 1637 instrumentum
1446 1607 1547 1635 cum
1571 1596 1739 1636 cithara
1759 1596 1767 1634 Ι

1415 1720 1450 1759 lI

868 1821 1084 1869 Quoniam
1114 1821 1324 1861 laetificas
1344 1832 1429 1866 me,
1453 1832 1476 1859 o
1499 1820 1677 1867 Jehova,
1696 1819 1741 1858 in
1763 1830 1893 1870 opere
1911 1824 1999 1866 tuo,

923 1887 968 1925 in
991 1887 1199 1936 operibus
1224 1898 1436 1925 manuum
1459 1891 1635 1925 tuarum
1660 1885 1808 1925 exulto
1832 1896 1840 1929 ;

870 1952 1006 1998 Quam
1032 1963 1190 2001 magna
1213 1956 1314 1989 sunt
1342 1962 1472 2000 opera
1495 1956 1583 1997 tua,
1607 1962 1631 1989 o
1651 1948 1828 1996 Jehova,

924 2015 1050 2054 valde
1073 2015 1317 2065 profundae
1336 2020 1439 2054 sunt
1460 2015 1746 2065 cogitationes
1768 2019 1866 2053 tuae
1887 2028 1896 2060 ;

872 2080 1011 2119 Homo
1032 2079 1251 2129 insipiens
1272 2091 1360 2119 non
1382 2079 1620 2129 cognoscit,

925 2145 1179 2183 insensatus
1201 2155 1288 2183 non
1311 2143 1520 2194 intelligit
1540 2143 1666 2183 illud.

1408 2267 1463 2306 111

875 2369 923 2407 ln
944 2368 1236 2419 germinando
1258 2367 1420 2417 impios
1442 2367 1555 2406 sicut
1576 2367 1726 2414 herba,

928 2438 968 2473 et
992 2430 1124 2484 [cum]
1148 2433 1306 2472 florent
1324 2444 1477 2471 omnes
1499 2432 1684 2471 factores
1706 2430 1970 2482 iniquitatis,

875 2499 940 2537 Ad
972 2499 1264 2537 destruendos
1287 2509 1359 2537 eos
1384 2508 1523 2547 usque
1552 2501 1764 2536 aeternum
1803 2494 1901 2547 [hoc
1916 2493 1978 2547 fit]
1999 2509 2008 2542 3

929 2564 1003 2602 sed
1026 2568 1069 2601 tu
1092 2560 1169 2613 [es]
1194 2563 1394 2602 excelsus
1416 2563 1461 2600 in
1484 2566 1731 2608 aeternum,
1765 2573 1789 2601 o
1815 2561 2009 2608 Jehova;

877 2628 1058 2675 Quando
1081 2638 1180 2667 ecce
1198 2627 1369 2666 inimici
1387 2627 1466 2674 tui,
1485 2639 1509 2666 o
1530 2627 1763 2666 Jehova....
1788 2625 2009 2676 peribunt,

931 2690 1004 2744 [et]
1029 2693 1342 2743 dispergentur
1362 2703 1517 2731 omnes
1539 2691 1726 2730 factores
1745 2689 2010 2741 iniquitatis.

1420 2816 1473 2855 IV

881 2915 929 2956 Et
952 2917 1165 2957 exaltabis
1188 2921 1235 2956 ut
1258 2916 1408 2955 bubali
1431 2927 1568 2956 cornu
1590 2926 1756 2962 meum,

936 2982 1140 3032 perfusus
1163 2993 1258 3020 sum
1283 2981 1377 3020 oleo
1400 2980 1579 3027 recenti,

882 3047 928 3085 Et
952 3046 1134 3096 aspiciet
1157 3046 1310 3085 oculus
1336 3057 1459 3084 meus
1481 3045 1525 3084 in
1548 3044 1755 3084 inimicos
1778 3055 1913 3090 meos,

936 3111 980 3148 in
1001 3111 1281 3159 insurgentes
1307 3114 1456 3148 contra
1478 3120 1562 3155 me,

937 3176 1075 3213 malos
1095 3174 1277 3213 audient
1298 3186 1426 3213 aures
1452 3184 1574 3212 meae
1593 3188 1601 3222 3

883 3236 1028 3289 [Dum]
1051 3239 1194 3289 justus
1216 3242 1263 3277 ut
1284 3239 1427 3285 palma
1448 3238 1636 3286 florebit,

940 3302 1053 3341 sicut
1074 3304 1233 3342 cedrus
1256 3303 1301 3341 in
1325 3302 1490 3341 Libano
1511 3302 1726 3341 increscet
1748 3316 1755 3340 :
