2243 3568
274 259 312 294 3.
347 260 554 302 Propterea
578 266 654 291 non
676 255 790 289 time-

229 313 385 348 bimus
423 312 514 346 dum
564 308 787 343 turbabitur

231 370 346 403 terra,
375 365 396 384 *
428 367 464 399 et
501 362 792 397 transferentur

229 421 382 453 montes
402 417 440 451 in
463 427 528 451 cor
550 415 683 450 maris.

275 472 311 505 4.
345 470 586 506 Sonuerunt,
608 471 645 503 et
662 467 790 502 turba-

231 528 279 559 tae
310 525 404 558 sunt
436 532 547 567 aquae
578 530 711 556 eorum
737 531 743 554 :
774 521 791 537 ’

230 575 454 612 conturbati
468 577 565 609 sunt
583 575 736 608 montes
753 572 792 606 in

231 628 463 665 fortitudine
484 625 584 672 ejus.

275 683 312 717 5.
333 681 526 716 Fluminis
543 680 713 724 impetus
729 678 794 712 lee-

232 736 355 771 titicat
391 733 590 769 civitatem
628 732 692 766 Dei
734 743 740 765 :
773 731 793 749 ³¹³·

231 786 494 824 sanctificavit
559 785 792 821 tabernacu—

232 842 311 876 lum
331 850 446 876 suum
476 839 721 874 Altissimus.

278 894 314 929 6.
350 895 452 928 Deus
474 893 513 927 in
536 892 662 927 medio
693 888 793 935 ejus.

233 958 309 983 non
322 945 631 982 commovebitur
643 956 649 979 t
662 941 797 987 *adju-

232 1001 339 1036 vabit
352 1010 433 1035 eam
451 1000 552 1034 Deus
569 1008 680 1033 mane
696 996 777 1032 dilu

234 1054 335 1090 culo.

281 1107 318 1142 7.
335 1105 587 1141 Conturbatm
601 1107 796 1149 suntgen-

236 1164 307 1200 tes,
340 1163 378 1194 et
404 1159 591 1193 inclinata
612 1160 705 1192 sunt
735 1167 796 1191 re—

234 1224 309 1258 gna
335 1225 341 1247 :
362 1212 382 1231 *
400 1211 651 1248 deditvocem
670 1219 794 1247 suam,

236 1270 339 1301 mota
361 1268 421 1300 est
443 1268 560 1299 terra.

281 1320 319 1354 8.
370 1318 558 1353 Dominus
604 1317 797 1351 virtutum

236 1372 440 1407 nobiscum
480 1382 486 1405 :
527 1370 547 1389 *
594 1372 798 1414 susceptor

236 1428 370 1460 noster
393 1425 494 1459 Deus
514 1423 646 1459 Jacob.

282 1478 319 1513 9.
355 1477 505 1518 Venite,
555 1479 594 1511 et
640 1476 800 1511 videte

235 1542 350 1577 opera
374 1530 540 1569 Domini,
560 1540 646 1574 quaa
669 1528 801 1574 posuit

236 1584 413 1630 prodigia
442 1594 559 1628 super
588 1586 730 1618 terram
756 1594 762 1617 :
786 1581 800 1594 ”

236 1638 419 1673 auferens
456 1636 556 1671 bella
597 1646 720 1681 usque
752 1636 800 1671 ad

239 1692 354 1725 tinem
376 1694 503 1725 terrfe.

285 1743 344 1778 10.
379 1744 523 1778 Arcum
552 1745 742 1780 conteret,
764 1746 802 1777 et

237 1796 461 1842 confringet
475 1806 581 1830 arma
595 1807 601 1829 :
617 1796 631 1806 ¹
643 1798 679 1829 et
691 1798 813 1829 scuta·

239 1849 443 1883 comburet
466 1848 566 1893 igni.

288 1902 349 1936 ⁴11.
392 1901 544 1938 Vacate,
585 1903 622 1934 et
659 1900 801 1935 videte.

239 1954 422 1999 quoniam
446 1964 516 1999 ego
532 1963 616 1988 sum
644 1953 744 1987 Deus
769 1953 804 1986 z*

239 2007 440 2042 exaltabor
466 2007 504 2040 in
533 2005 733 2051 gentibus.
766 2008 803 2039 et

239 2060 441 2095 exaltabor
464 2059 502 2093 in
526 2062 642 2093 terra.

287 2113 346 2147 12.
382 2112 570 2147 Dominus
609 2111 802 2146 virtutum

240 2166 443 2201 nobiscum
492 2177 498 2199 :
540 2164 554 2177 '
599 2167 803 2209 susceptor

239 2224 373 2256 noster
396 2222 498 2255 Deus
515 2220 647 2255 Jacob-

318 2466 490 2501 Psaume
523 2460 810 2512 messiamque,

292 2631 435 2670 XLVI.
463 2652 507 2658 —
526 2631 561 2669 1.
592 2630 636 2669 IN
658 2641 798 2676 FINEM,

242 2696 321 2724 pao
334 2695 453 2723 FILIIS
466 2695 585 2730 conc,
598 2694 798 2722 petimus.

287 2807 321 2841 2.
345 2806 488 2840 Omnes
514 2809 665 2850 genteS,
691 2805 800 2849 plau-

240 2853 321 2888 dite
342 2853 548 2887 manibus:
583 2852 603 2871 ³*
636 2850 801 2897 jubilate

244 2901 318 2935 Deo
350 2900 387 2933 in
417 2910 507 2933 voce
528 2899 799 2934 exultationis.

287 2948 320 2982 3.
363 2946 550 2989 Quoniam
615 2946 801 2980 Dominus

241 2994 435 3033 excelsus,
454 2993 663 3033 terribilis;
683 2993 702 3011 ³*
725 2994 799 3027 Rex

241 3050 408 3085 magnus
465 3049 582 3084 super
647 3050 799 3074 omnem

244 3091 401 3122 terram.

289 3135 322 3169 4.
355 3131 531 3178 Subjecit
554 3132 715 3177 populos
733 3143 800 3167 no—

242 3181 317 3219 bis,
337 3180 357 3199 ³⁶
378 3184 415 3215 et
435 3183 574 3225 gentes
604 3179 678 3214 sub
694 3180 801 3223 pedi-

242 3229 316 3264 bus
333 3227 496 3262 nostris.

993 151 1040 156 —
1074 127 1148 166 «126
1177 150 1227 155 —

866 253 1098 302 Propterea
1114 263 1199 290 non
1213 250 1241 290 ti
1253 250 1471 306 mehimus
1483 250 1531 288 in
1540 250 1803 289 commutari
1817 255 1996 296 terram,

921 322 963 355 et
995 317 1038 355 in
1064 315 1230 355 moveri
1267 320 1438 354 montes
1468 315 1515 354 in
1556 314 1752 354 medium
1787 315 1995 363 marium,

868 380 1083 432 [Quando]
1106 381 1303 419 tremunt
1323 384 1365 419 et
1385 379 1607 418 ebulliunt
1628 390 1767 429 aquae
1789 379 1899 428 ejus,

924 444 1136 497 [quando]
1157 449 1439 484 contremunt
1460 449 1632 483 montes
1650 448 1826 494 propter
1847 455 2000 494 super-

1731 506 1864 558 [biam
1887 508 1996 559 ejus.

975 578 1141 631 [Jehova
1159 576 1338 618 Sabaoth
1360 575 1449 630 [est]
1468 575 1711 630 nobiscum,

976 643 1071 696 [arx
1089 641 1206 683 nobis
1228 642 1318 695 [est]
1347 647 1448 682 Deus
1467 641 1589 683 Jacob
1606 641 1634 694 l]
1856 640 1992 683 Selah.

1417 769 1453 806 H
1752 807 1883 841 tatem
1908 803 1999 848 Dei,

870 871 1054 909 Flumen
1080 868 1161 919 [est
1182 867 1325 919 cujus]
1350 868 1482 907 rivuli
1511 869 1605 918 ejus
1634 867 1873 907 laetificant
1896 867 1999 906 civi-

923 934 1226 974 sanctuarium
1251 933 1638 972 tabernaculorum
1671 932 1867 981 Excelsi3

871 1001 986 1040 Deus
1017 999 1063 1038 in
1099 998 1244 1038 medio
1275 998 1383 1049 ejus,
1414 1009 1645 1048 nunquam
1680 1002 1999 1044 commovetur,

924 1064 1168 1104 auxiliatur
1182 1063 1219 1102 ei
1236 1064 1350 1103 Deus
1366 1062 1482 1103 circa
1504 1063 1805 1102 accedendum
1828 1062 2001 1101 matuti-

874 1131 996 1169 Frem
1004 1133 1082 1168 unt
1094 1128 1309 1176 nationeS,
1322 1130 1658 1168 commoventur
1671 1138 1821 1176 regna,
1856 1125 2000 1178 [numt

925 1192 1033 1246 [sed]
1068 1195 1142 1233 dat
1171 1205 1321 1233 vocem
1362 1204 1486 1233 suam
1521 1190 1591 1244 [ou
1618 1193 1732 1232 Deus
1760 1190 2002 1243 tonitruat],

1669 1256 1856 1308 [liquefit
1872 1262 2001 1297 terra.

977 1328 1128 1369 Jehova.
1147 1327 1328 1369 Sabaoth
1349 1328 1440 1380 [est]
1462 1326 1689 1372 nobiscum,

1000 1386 1009 1392 ”
1033 1406 1111 1434 arte
1133 1392 1247 1433 nobis
1270 1393 1357 1445 [est]
1382 1398 1485 1433 Deus
1505 1391 1628 1433 Jacob
1646 1395 1658 1432 J
1861 1390 1997 1431 selah.

1418 1518 1474 1556 III

875 1620 1043 1667 Venite,
1069 1620 1213 1659 videte
1237 1631 1369 1669 opera
1390 1619 1580 1659 Jehovae

929 1686 1004 1736 qui
1028 1686 1175 1737 posuit
1195 1684 1518 1724 devastationes
1539 1684 1585 1723 in
1607 1681 1745 1723 terra!

876 1751 1052 1791 Cessare
1075 1751 1176 1790 tacit
1202 1750 1315 1789 bella
1338 1761 1479 1800 usque
1501 1749 1555 1788 ad
1578 1748 1687 1787 fines
1709 1752 1868 1795 terrae,

930 1827 1082 1855 arcum
1105 1815 1293 1855 conterit
1314 1819 1354 1854 et
1374 1814 1539 1864 frangit
1559 1814 1772 1860 lanceam,

931 1892 1088 1919 currus
1107 1879 1329 1919 comburit
1351 1879 1395 1917 in
1418 1879 1520 1928 igne
1546 1892 1554 1916 ε

879 1957 897 1981 α
932 1948 1063 1990 State,
1078 1943 1271 1995 [inquit],
1290 1949 1331 1983 et
1346 1944 1504 1983 ‹liscite
1523 1945 1641 1994 quod
1659 1955 1737 1993 ego
1757 1955 1855 1982 sum
1876 1944 2004 1989 Deus,

932 2022 950 2045 »
983 2009 1096 2048 altus
1119 2020 1214 2048 sum
1247 2020 1380 2059 super
1401 2014 1566 2059 gentes,
1596 2009 1711 2048 altus
1745 2019 1841 2047 sum
1875 2019 2008 2058 super

1761 2073 1941 2125 [terram
1958 2071 1966 2111 l
1986 2084 2005 2109 »

982 2141 1131 2182 Jelzova
1151 2140 1327 2182 Sabaoth
1352 2141 1440 2194 [est]
1465 2141 1684 2191 nobiscum,

1036 2220 1114 2248 arm
1133 2206 1249 2247 nobis
1275 2207 1365 2260 [es-t]
1391 2212 1491 2247 Deus
1510 2206 1660 2248 Jacob!

1567 2345 1798 2389 PSAUME
1830 2345 2003 2388 XLVII.

850 2455 975 2497 cham
1015 2454 1266 2508 triomphol:
1309 2463 1397 2495 cons
1433 2460 1488 2495 les
1519 2456 1679 2508 peuples
1711 2464 1747 2495 et
1779 2455 1889 2496 leurs
1922 2460 2007 2496 ‘rois

976 2629 1271 2667 PRAECENTORI
1295 2642 1302 2666 :
1337 2627 1546 2667 FlLionUM
1576 2627 1689 2668 CORE
1720 2639 1908 2668 PSALMUS

1433 2734 1447 2772 1

875 2822 1035 2861 Omnes
1056 2828 1221 2872 gentes,
1246 2823 1442 2873 plaudite
1461 2823 1682 2871 manibus,

926 2893 1109 2943 jubilate
1131 2893 1300 2932 Elohim
1323 2893 1369 2932 in
1392 2904 1493 2932 voce
1514 2894 1659 2944 jubili,

875 2981 980 3027 Quia
1001 2981 1164 3020 Jehova
1187 2982 1402 3029 excelsus,
1426 2982 1653 3028 terribilis,

928 3062 1004 3089 rex
1037 3063 1222 3101 magnus
1244 3064 1376 3102 super
1397 3064 1572 3092 omnem
1594 3058 1755 3092 terram
1775 3068 1782 3091 :

877 3138 1079 3177 Decernit
1100 3140 1282 3188 populos
1304 3140 1386 3178 sub
1407 3152 1486 3179 nos

929 3213 970 3247 et
992 3210 1189 3248 nationes
1211 3211 1292 3249 sub
1317 3212 1446 3260 pedes
1468 3218 1655 3260 nosti-OS,
