2243 3568
239 339 324 371 tes:
347 336 367 356 *²
387 337 423 369 et
446 336 551 368 sorte
578 332 715 368 divisit
742 331 799 366 eis

239 387 382 418 terram
407 382 445 415 in
469 380 645 415 funiculo
665 379 797 415 distri-

239 428 487 465 tributionis.

284 477 341 511 55.
367 477 410 510 Et
437 475 614 509 habitare
642 474 733 509 tecit
760 473 800 508 in

239 522 503 559 tabernaculis
530 532 663 557 eorum
686 525 706 546 ’Ἠ
729 521 801 557 tri-

239 572 312 607 bus
334 570 471 606 lsrael.

284 618 342 654 56.
380 619 421 653 Et
460 619 728 657 tentaverunt,
765 618 803 651 et

239 665 576 701 exacerbaverunt
599 665 717 699 Deum
739 673 801 699 ex-

238 713 386 749 celsum
415 724 422 747 :
452 710 472 731 *
506 715 544 747 et
578 711 802 746 testimonia

239 758 325 806 ejus
347 770 424 795 non
442 759 733 795 custodierunt.

286 808 343 842 57.
370 808 655 843 Etaverterunt
679 817 745 841 se:
766 807 803 839 et

242 866 318 889 non
339 857 598 890 servaverunt
618 852 803 899 pactum*=

240 903 565 947 quemadmodum
588 905 719 946 patres
740 911 804 935 eo-

242 960 342 990 rum,
364 949 543 984 conversi
567 952 662 983 sunt.
685 949 722 982 in
745 958 801 982 ar*

241 1008 327 1032 eum
351 1007 528 1042 pravum.

289 1044 346 1079 58.
383 1045 424 1078 In
457 1044 551 1079 iram
583 1043 805 1078 concitave—

244 1094 338 1126 runt
353 1102 438 1125 eum
458 1092 495 1126 in
512 1091 680 1126 collibus
696 1090 802 1125 suis:

243 1138 263 1157 ’⁴‘
279 1142 317 1173 et
334 1138 371 1172 in
388 1138 642 1183 sculptilibus
659 1137 743 1172 suis
758 1137 805 1172 ad
846 1145 857 1151 ·

243 1186 533 1221 aemulationem
556 1196 642 1220 euni
667 1195 806 1230 provo—

182 1269 187 1276 ,
244 1236 450 1269 caverunt.

291 1280 348 1315 59.
379 1280 572 1315 Audivit
606 1280 739 1315 Deus,
765 1281 807 1313 et

245 1328 419 1373 sprevit:
443 1327 462 1346 Ψ·
490 1330 527 1361 et
559 1327 607 1362 ad
639 1326 806 1361 nihilum

247 1375 398 1420 redegit
420 1373 530 1409 valde
556 1374 688 1409 lsrael.

293 1422 350 1457 (50.
377 1423 416 1457 Et
450 1421 591 1466 repulit
627 1421 808 1456 taberna—

246 1470 378 1504 culum
408 1469 537 1506 Silos*
576 1469 809 1503 tabernacu—

247 1517 326 1551 lum
349 1527 477 1553 suum.
517 1516 582 1550 ubi
617 1514 810 1550 habitavit

249 1565 286 1598 in
310 1564 548 1598 hominibus.

294 1611 352 1646 61.
378 1612 420 1645 Et
444 1610 605 1645 tradidit
629 1610 667 1644 in
690 1608 807 1654 capti-

249 1658 406 1693 vitatem
431 1658 616 1692 virtutem
640 1667 774 1704 eorum
790 1659 811 1680 ³*

247 1709 285 1740 et
312 1705 645 1750 pulchritudinem
677 1714 808 1739 eorum

251 1754 287 1787 in
313 1763 451 1787 manus
474 1752 636 1787 inimici.

295 1800 352 1835 62.
384 1801 427 1834 Et
449 1800 643 1835 conclusit
666 1799 704 1833 in
727 1799 811 1841 gla-

250 1848 313 1882 dio
344 1847 528 1892 populum
560 1857 700 1881 suum:
728 1846 747 1864 *³*
775 1849 809 1880 et

251 1894 518 1929 haereditatem
555 1904 664 1929 suam
702 1904 811 1938 spre—

254 1942 323 1976 vit.

298 1988 355 2023 (323.
381 1989 554 2023 Juvenes
584 1998 716 2022 eorum
750 1998 813 2021 co-

253 2036 372 2071 medit
395 2035 498 2080 ignis
520 2047 526 2069 :
545 2035 564 2053 ‘³‘
586 2039 620 2069 et
640 2035 814 2079 virgines

253 2094 385 2118 eorum
424 2093 500 2117 non
539 2085 633 2116 sunt
668 2083 814 2116 tamen—

255 2133 358 2166 tatum

299 2178 358 2211 (34.
376 2176 605 2211 Sacerdotes
621 2186 754 2211 eorum
777 2175 814 2209 in

255 2224 385 2270 gladio
420 2224 644 2259 ceciderunt
686 2235 692 2257 :
726 2222 745 2241 θ’
779 2226 816 2257 et

255 2272 382 2307 vidum
415 2282 546 2305 eorum
583 2281 658 2305 non
688 2271 815 2315 plora-

257 2320 419 2354 bantur.

301 2366 358 2401 (32⁰).
381 2367 423 2400 Et
442 2365 637 2399 excitatus
656 2368 715 2399 est.
736 2368 813 2399 tan

255 2424 369 2458 quam
397 2412 597 2448 dormiens
618 2412 815 2451 dominus,

255 2461 274 2479 *
295 2464 477 2505 tanquam
509 2463 646 2504 potens
677 2469 816 2503 crapu—

257 2508 360 2542 latus
381 2519 400 2542 a
421 2508 511 2541 vino

303 2555 360 2589 titi.
393 2556 431 2589 Et
462 2554 658 2599 percussit
687 2553 818 2587 inimi-

257 2612 321 2636 cos
350 2612 442 2636 suos
471 2602 508 2635 in
538 2601 779 2646 posteriora:
800 2600 819 2618 ⁴*

257 2649 509 2693 opprobrium
536 2649 818 2693 sempiternum

258 2696 365 2730 dedit
389 2696 480 2730 iltis.

305 2744 361 2777 (Π.
391 2744 432 2777 Et
462 2743 607 2786 reputit
640 2742 820 2776 taberna-

261 2790 390 2824 culum
404 2790 547 2833 Josepli
564 2801 570 2823 :
586 2790 604 2801 ⁴
621 2793 658 2823 et
676 2789 820 2823 tribum

264 2837 439 2881 Ephraim
464 2847 539 2870 non
563 2837 693 2879 elegit.

308 2884 364 2917 tis
408 2884 480 2917 Sed
519 2883 638 2928 elegit
676 2883 821 2917 tribum

262 2930 400 2965 Juda.*
415 2933 582 2964 montem
601 2930 692 2963 sion
709 2940 822 2974 quem

263 2977 418 3012 dilexit.

310 3024 354 3057 139
406 3025 445 3058 Et
478 3023 685 3058 wditiravit
722 3023 824 3057 sicut,

266 3071 515 3105 unicornium
562 3070 823 3104 sant-titirium

266 3118 304 3152 in
330 3121 445 3153 terra.
466 3117 485 3135 *²*
506 3128 619 3161 quam
648 3117 825 3151 fundavit

268 3165 306 3198 in
330 3164 491 3199 sweula.

1003 206 1235 245 -218-

873 330 923 369 Et
944 330 1069 382 ejecit
1092 341 1111 368 a
1136 330 1245 370 faeie
1268 342 1420 370 eorum
1444 335 1596 381 gentes

926 407 963 441 et
986 401 1214 442 distribuit
1232 413 1304 440 eas
1325 402 1370 440 in
1393 402 1594 441 funiculo
1617 403 1898 443 haereditatis

875 485 923 525 Et
946 484 1047 524 feeit
1069 484 1266 523 habitare
1286 484 1333 523 in
1356 484 1654 524 tabernaculis
1676 496 1828 524 eorum

929 556 1072 595 tribus
1093 555 1241 593 Israel.

879 750 961 789 Sed
986 754 1265 789 tentaverunt
1287 754 1325 788 et
1351 750 1675 790 rebellaverunt
1690 755 1841 790 contra
1869 751 2005 790 Deum

931 826 970 860 et
987 821 1189 859 mandata
1203 820 1297 870 ejus
1310 832 1396 859 non
1411 821 1739 860 custodierunt:
1759 819 2005 871 [Excelsum

880 905 963 943 Sed
980 908 1232 942 recessrunt
1257 907 1298 942 et
1314 904 1510 943 iecerunt
1537 903 1651 943 sieut
1668 909 1812 954 patres
1838 914 2006 951 eorum,

932 974 1132 1015 conversi
1159 979 1274 1021 sunt,
1300 974 1413 1013 sicut
1432 985 1559 1013 arcus
1582 974 1873 1022 remissionis,

882 1060 930 1098 Et
949 1058 1323 1098 exacerbaverunt
1345 1069 1443 1096 eum
1469 1069 1546 1108 per
1564 1058 1735 1097 excelsa
1759 1065 1848 1097 sua·

933 1135 975 1169 et
1002 1141 1080 1180 per
1100 1129 1215 1168 idola
1245 1140 1322 1167 sua
1354 1129 1533 1168 zelotem
1564 1128 1854 1168 reddiderunt
1883 1139 2008 1168 eum:

881 1212 1060 1252 Audivit
1083 1213 1197 1251 Deus
1219 1217 1261 1251 et
1282 1212 1443 1251 exarsit

935 1289 974 1323 et
1000 1283 1248 1333 repudiavit
1271 1284 1397 1322 valde
1420 1283 1552 1322 Israel
1579 1298 1585 1305 ·

884 1369 931 1407 Et
952 1367 1133 1417 reliquit
1154 1366 1486 1410 tabernaculum
1512 1366 1617 1410 Silo.

937 1437 1177 1477 tentorium
1201 1435 1579 1489 [quodjliabitavit
1608 1437 1722 1476 inter
1746 1436 1962 1483 homine&

886 1522 933 1560 Et
956 1521 1076 1561 dedit
1100 1521 1144 1560 in
1167 1521 1466 1571 captivitatem
1492 1520 1766 1570 majestatem
1791 1531 1914 1559 suam

939 1598 978 1631 et
1000 1592 1185 1643 gloriam
1211 1603 1334 1631 suam
1360 1592 1404 1630 in
1429 1603 1560 1630 manu
1585 1590 1784 1638 inimioi;

888 1676 935 1715 Et
958 1675 1141 1715 tradidit
1159 1674 1306 1724 gladio
1329 1674 1541 1725 populum
1567 1685 1698 1713 suum

939 1752 979 1786 et
995 1752 1146 1786 eontra
1170 1746 1485 1786 haereditatem
1514 1756 1638 1784 suam
1663 1745 1826 1784 exarsit
1850 1754 1858 1779 τ

884 1830 1078 1869 Juvenes
1100 1830 1193 1880 ejus
1215 1829 1407 1868 eomedit
1432 1828 1545 1878 ignis
1879 1824 2020 1877 [mioL

942 1906 983 1940 et
1005 1901 1198 1951 virgines
1220 1901 1314 1950 ejus
1337 1911 1423 1938 non
1446 1904 1549 1938 sunt
1570 1899 1770 1938 laudatae
1796 1896 2023 1949 [epithala-

889 1985 1146 2023 Sacerclotes
1169 1984 1263 2033 eJus
1288 1994 1363 2032 per
1382 1982 1578 2032 gladium
1608 1982 1862 2020 ceciderunt

943 2060 983 2094 et
1001 2055 1156 2093 viduae
1178 2054 1273 2104 ejus
1292 2065 1378 2092 non
1400 2054 1698 2103 ploraverunt.

891 2138 939 2176 Et
961 2137 1294 2188 expergefaetus
1317 2141 1381 2175 est
1399 2136 1513 2175 sieut
1534 2136 1760 2174 dormiens
1782 2134 1965 2180 Adonai,

944 2209 1055 2248 sicut
1080 2209 1206 2247 heros
1229 2207 1427 2246 devictus
1449 2208 1497 2256 (¹)
1519 2218 1540 2245 a
1568 2206 1682 2252 vino,

893 2292 942 2332 Et
963 2290 1181 2341 percussit
1203 2289 1408 2328 inimicos
1427 2300 1530 2328 suos
1550 2294 1809 2335 retrorsum,

944 2362 1232 2412 opprobrium
1257 2359 1530 2399 aeternitatis
1554 2360 1673 2399 dedit
1696 2359 1783 2397 illis
1808 2357 1817 2397 l

895 2558 944 2596 Et
966 2556 1127 2607 repulit
1149 2556 1482 2595 tabernaculum
1505 2554 1665 2604 Josepli

947 2632 987 2666 et
1009 2626 1174 2665 tribum
1200 2625 1405 2676 Ephraim
1432 2636 1517 2663 non
1541 2624 1671 2673 elegit

896 2711 980 2749 Sed
1004 2709 1135 2759 elegit
1157 2709 1320 2747 tribum
1347 2708 1501 2754 Judae,

951 2780 1111 2831 {elegit}
1137 2785 1328 2819 montem
1355 2779 1459 2818 Sion
1486 2790 1618 2828 quem
1643 2777 1812 2823 dilexit,

900 2864 947 2902 Et
965 2862 1210 2902 aedificavit
1228 2861 1343 2901 siout
1362 2861 1531 2900 excelsa
1553 2857 1808 2911 [caelorum]
1827 2862 2026 2898 sanctua-

1723 2928 1853 2981 [rium
1880 2939 2025 2975 suum,

953 3004 1065 3043 sieut
1086 3009 1246 3043 terram
1280 3000 1446 3053 [quam]
1470 3001 1668 3040 fundavit
1696 3012 1790 3040 eam
1819 3000 1864 3038 in
1893 3003 2029 3039 aeter-

902 3087 949 3125 Et
970 3086 1100 3136 elegit
1124 3086 1257 3125 David
1282 3097 1458 3125 servum
1483 3096 1612 3124 suum
1877 3063 2030 3116 [num;

954 3162 994 3196 et
1017 3158 1198 3196 sustulit
1219 3168 1319 3195 euin
1343 3157 1395 3195 de
1411 3155 1603 3195 ovilibus
1620 3154 1781 3205 gregis,

332 3282 373 3319 (1)
398 3280 448 3310 Ou
475 3281 566 3318 bien,
584 3280 626 3310 de
640 3275 775 3317 rdiam,
792 3280 961 3316 cantans,
981 3279 1119 3309 crium.
