2243 3568
241 301 296 337 11.
314 301 532 337 Tradentur
554 298 593 334 in
614 307 753 333 manus

192 349 326 395 gladii.
387 351 518 394 partes
576 345 753 392 vulpium

192 400 322 432 crunt.

240 444 295 478 12.
322 444 398 478 Rex
426 453 517 477 vero
554 441 754 476 laetabitur

192 491 230 526 in
255 492 343 529 Deo,
368 490 637 526 laudabuntur
671 498 753 523 om-

193 549 261 573 nes
279 538 344 583 qui
377 535 511 583 jurant
548 537 586 571 in
627 546 698 578 θος
735 535 755 554 ⁹³⁵

191 586 280 631 quia
331 586 579 620 obstructum
614 586 673 619 est
712 593 754 617 os

191 633 435 680 loquentium
456 632 603 677 iniqua.

271 830 395 898 Appel
431 846 454 884 ἁ
487 844 526 885 Ia
554 845 703 895 justice
734 841 780 881 de
812 844 924 883 Diem.
954 843 1068 882 Trois
1097 841 1280 895 strophes
1311 860 1317 885 :

189 913 254 952 des
294 909 516 959 mechmas,
558 911 602 950 3⁰
640 908 731 949 leur
767 906 915 961 ‹ldlaite
948 919 960 948 .·

243 1041 388 1080 LXIII.
439 1062 487 1066 —
528 1040 572 1079 IN
609 1049 749 1085 ΡΙΝΕΜ,

189 1094 225 1135 1.
260 1106 446 1134 PSALMUS
469 1094 615 1132 Dsivn).

235 1220 268 1256 2.
287 1219 449 1260 Exaudi,
475 1219 588 1259 Deus,
611 1218 750 1254 oratio-

188 1278 275 1303 nem
319 1277 442 1302 meam
492 1276 579 1301 cum
618 1266 749 1310 depre-

187 1327 252 1351 cot·
277 1327 284 1358 ;
307 1315 328 1335 *
354 1326 374 1350 a
422 1314 560 1350 timore
601 1313 749 1348 inimici

185 1364 291 1409 eripe
303 1363 472 1410 animam
487 1372 623 1397 meam.

234 1417 267 1452 3.
292 1416 502 1452 Protexisti
530 1426 589 1451 me
616 1426 635 1450 a
658 1425 751 1450 con-

186 1468 305 1500 ventu
337 1463 654 1509 malignantium,
675 1463 695 1481 ³*
731 1473 749 1497 a

186 1512 442 1547 multitudine
502 1510 748 1556 operantium

186 1560 449 1606 iniquitatem.

174 1643 177 1647 .
233 1614 265 1649 4.
301 1612 396 1656 Quia
430 1615 671 1648 exacuerunt
706 1615 749 1647 ut

185 1661 359 1707 gladium
394 1660 552 1706 linguas
582 1670 700 1702 suas;
730 1659 750 1679 *

186 1709 443 1744 intenderunt
486 1718 620 1743 arcum
668 1718 748 1743 rem

185 1766 370 1792 amaram.

233 1810 266 1844 ὅ.
291 1810 338 1844 Ut
360 1809 548 1854 sagittent
565 1808 602 1843 in
624 1808 749 1843 occul-

189 1857 238 1892 tis
263 1856 570 1892 immaculatum.

234 1910 267 1945 ss.
316 1910 454 1945 Subito
504 1909 751 1951 sagittabunt

188 1968 289 1992 eum.
314 1961 350 1993 et
371 1968 447 1992 non
483 1957 675 1992 timebunt
702 1968 708 1991 :
732 1956 752 1975 *

190 2005 444 2040 firmaverunt
486 2004 560 2039 sibi
602 2014 751 2039 sermo-

189 2063 275 2087 nem
340 2062 519 2096 nequam.
567 2052 750 2087 Narrave

188 2103 282 2135 runt
312 2103 352 2135 ut
383 2100 667 2135 absconderent
704 2099 752 2133 la>

188 2158 308 2193 queos
326 2158 333 2187 ;
354 2147 375 2166 *
402 2147 589 2182 dixerunt
612 2159 618 2181 :
658 2146 752 2190 Quis

189 2195 335 2230 videbit
359 2204 424 2230 eos
443 2192 463 2229 ἶ)

236 2249 268 2283 7.
292 2247 464 2283 Scrutati
492 2250 585 2282 sunt
607 2247 753 2292 iniqui-

190 2299 311 2337 tates;
332 2295 352 2315 *
379 2295 605 2331 defecerunt
647 2305 752 2329 scru-

191 2347 319 2379 tantes
350 2342 556 2377 scrutinio*
588 2343 753 2377 Accedet

190 2391 303 2426 homo
325 2390 372 2425 ab
392 2400 458 2425 cor
483 2391 634 2427 altum:

236 2444 269 2477 8.
300 2444 342 2478 Et
366 2443 604 2478 exaltabitur
638 2444 753 2478 Deus.

191 2491 352 2535 Sagitta?
372 2491 624 2535 parvulorum
643 2491 753 2526 facite

191 2542 283 2574 sunt
301 2539 425 2583 plaga³
448 2549 603 2581 eorum;

236 2592 270 2625 f).
311 2592 353 2625 Et
400 2591 609 2626 intirmatze
660 2595 752 2627 sunt

191 2641 325 2673 contra
348 2649 412 2673 eos
430 2638 575 2681 linguae
597 2649 751 2675 eorum.

193 2685 424 2720 Conturbali
481 2689 574 2721 sunt
619 2697 754 2721 (mines

191 2733 256 2777 qui
280 2733 460 2767 videbant
484 2744 571 2774 eos;

244 2785 295 2820 lO.
351 2786 392 2819 Et
448 2786 577 2820 timuit
628 2787 755 2821 omnis

193 2832 318 2867 homo.
351 2833 392 2867 Et
415 2833 755 2869 annuntiaverunt

192 2890 305 2924 opera
332 2879 395 2913 nei
419 2890 426 2918 ι
447 2880 466 2898 ³*
494 2883 529 2915 ei
549 2881 645 2915 tacta
669 2878 756 2925 ejus

193 2927 488 2961 intellexerunt.

245 2979 296 3013 11.
321 2979 534 3014 La=tabitur
561 2977 694 3024 justus
719 2981 755 3014 in

195 3026 370 3064 Domino,
418 3029 453 3060 et.
509 3027 681 3071 sperabit
720 3027 756 3061 in

193 3084 249 3108 eo,
272 3073 292 3092 ³*
313 3076 351 3108 et
384 3073 651 3108 laudabuntur
680 3084 756 3108 om-

194 3130 262 3155 nes
285 3120 379 3155 recti
395 3120 522 3155 corde.

955 172 1194 213 —166—

828 297 1062 350 Projicient
1084 309 1183 338 eum
1207 309 1341 349 super
1361 309 1520 339 manus
1542 298 1692 350 gladii,

882 381 982 421 pars
1003 369 1204 421 vulpium
1228 374 1372 410 erunt.

829 452 985 492 Contra
1010 464 1085 492 rex
1109 452 1345 492 laetabitur
1365 452 1411 492 in
1431 453 1532 501 Deo,

882 523 1146 575 gloriabitur
1165 523 1311 563 omnis
1333 524 1486 574 jurans
1518 536 1595 575 per
1617 523 1733 573 eum,
1795 524 1956 577 [ciuml

883 595 1058 645 quando
1101 595 1333 635 claudetur
1370 607 1417 634 os
1466 596 1744 647 loquentium
1780 599 1960 637 menda-

1541 727 1772 770 PSAUME
1808 697 1955 772 mv.

1306 899 1308 901 ‚
1363 846 1402 884 10
1436 846 1687 895 invocation„
1711 848 1756 886 20
1785 844 1958 899 complet

1016 915 1162 962 quatre
1196 907 1395 963 dis-tiques
1431 922 1511 962 par
1544 909 1744 963 scrophas,
1785 910 1888 964 saus
1919 910 1959 952 ία

1038 1037 1332 1077 PRAECENTORI
1351 1053 1358 1077 :
1382 1048 1571 1078 PSALMUS
1594 1038 1742 1077 DAvm.

1393 1136 1407 1174 Ι

826 1217 1010 1266 Exaudi,
1033 1219 1158 1265 Deus,
1196 1230 1346 1258 vocem
1374 1231 1516 1259 meam
1546 1219 1592 1258 in
1614 1218 1841 1270 querendo
1871 1228 1956 1263 me,

878 1284 931 1323 de
952 1285 1111 1324 timore
1132 1284 1305 1324 inimici
1329 1285 1449 1335 eripe
1475 1284 1609 1324 vitam
1634 1295 1793 1331 meam,

826 1349 935 1401 Tege
955 1362 1025 1389 me
1046 1362 1069 1389 a
1091 1355 1310 1390 conventu
1333 1350 1650 1401 malignorum,

878 1427 900 1454 a
924 1415 1212 1455 multitudine
1235 1416 1451 1455 factorum
1474 1414 1724 1466 iniquitatis
1753 1412 1758 1452 !

1376 1643 1412 1682 ΙΙ

823 1738 903 1786 Qui
927 1745 1093 1779 acuunt
1116 1744 1163 1779 ut
1181 1739 1379 1790 gladium
1404 1739 1602 1790 linguam
1626 1749 1769 1785 suam,

877 1806 1137 1845 conculeant
1156 1806 1358 1856 sagittam
1377 1816 1518 1852 suam,
1534 1804 1716 1845 verbum
1737 1814 1955 1849 amarum,

825 1870 885 1909 Ad
911 1869 1209 1921 dejiciendum
1233 1870 1279 1909 in
1300 1870 1482 1910 latebris
1507 1869 1751 1920 perfectum
1775 1882 1783 1915 ;

880 1936 957 1984 [ut]
981 1936 1127 1975 subito
1149 1936 1359 1986 dejiciant
1379 1947 1479 1976 eum
1504 1941 1545 1976 et
1566 1948 1654 1976 non
1677 1937 1885 1984 timeant3

826 2002 1097 2042 Confirmant
1118 2001 1231 2040 inter
1252 2013 1298 2041 se
1327 2001 1497 2041 facinus
1520 2003 1705 2050 malum,

878 2066 1194 2117 colloquuntur
1215 2067 1267 2105 ad
1289 2066 1650 2106 abscondendum
1674 2068 1868 2118 laqueos,

880 2132 1058 2172 dicunt:
1086 2132 1225 2182 «quis
1249 2132 1413 2171 videbit
1433 2143 1506 2171 eos
1521 2131 1542 2170 ‘?
1567 2144 1585 2167 n
1781 2122 1787 2127 ’

828 2197 1085 2247 Excogitant
1106 2197 1364 2248 iniquitates
1384 2196 1611 2246 [dicentes]
1638 2213 1645 2236 :

882 2262 1187 2312 «perfecimus
1209 2262 1438 2301 inventum
1463 2261 1787 2313 excogitatum!
1815 2275 1834 2300 »

882 2328 1013 2367 etiam
1048 2327 1258 2367 intimum
1294 2327 1489 2367 hominis
1518 2333 1557 2368 et
1591 2340 1665 2368 cor
1706 2329 1832 2380 [ejus]
1861 2327 1957 2377 [est]
2020 2375 2023 2378 ¹

1583 2393 1872 2443 [profundum
1895 2390 1958 2443 (')!

1369 2493 1423 2532 lli

830 2583 912 2636 Sed
936 2596 1085 2646 dejicit
1107 2607 1180 2636 eos
1199 2596 1313 2635 Deus
1329 2594 1484 2646 sagitta
1507 2595 1678 2635 subito:

882 2661 993 2700 fiunt
1015 2662 1168 2711 plagae
1190 2672 1342 2700 eorum
1363 2675 1371 2707 ς
1717 2660 1928 2710 [ipsorum
1949 2674 1957 2706 ;

831 2726 878 2765 Et
908 2726 1077 2765 faciunt
1107 2727 1260 2766 cadere
1299 2737 1393 2765 eam
1434 2736 1568 2776 super
1602 2725 1734 2777 ipsos,
1760 2725 1958 2776 linguam

883 2796 923 2831 et
944 2791 1180 2841 agitantur,
1204 2791 1350 2830 omnis
1371 2791 1526 2830 videns
1547 2790 1592 2830 in
1615 2801 1702 2836 eos,

883 2862 923 2896 et
944 2856 1116 2900 timent,
1140 2856 1286 2895 omnis
1309 2856 1438 2896 homo
1464 2855 1509 2905 (²)
1530 2870 1538 2896 :

832 2922 881 2960 Et
901 2920 1165 2959 annuntiant
1188 2932 1299 2970 opus
1321 2920 1394 2960 Dei

884 2997 984 3024 nam
1008 2997 1118 3035 opus
1140 2985 1234 3036 ejus
1255 2984 1536 3035 intelligunt;

833 3050 1036 3089 Laetatur
1053 3050 1196 3101 justus
1218 3050 1262 3088 in
1278 3050 1438 3089 Jehova
1463 3054 1505 3089 et
1525 3049 1723 3099 confugit
1746 3049 1787 3088 in
1813 3060 1878 3096 eo,

885 3120 923 3153 et
943 3114 1190 3165 gloriantur
1210 3126 1363 3154 omnes
1386 3115 1488 3154 recti
1512 3115 1656 3154 corde.

256 3229 297 3268 (1)
321 3229 364 3260 Ce
384 3229 538 3268 distique
564 3229 678 3269 parait
698 3229 829 3260 altere:
858 3229 922 3260 lire
943 3238 984 3260 en
1006 3231 1085 3261 tous
1117 3238 1176 3261 cas
1203 3229 1436 3264 thammonu.
1457 3239 1500 3261 au
1530 3230 1599 3260 lieu
1632 3230 1675 3261 de
1695 3227 1883 3269 thammuz«,
1917 3229 1960 3261 de

195 3268 373 3307 thamam,
393 3272 468 3301 etre
488 3270 627 3310 pax-tait,
647 3272 682 3301 et
701 3270 939 3310 quelquetois:
963 3271 1091 3301 rendre
1113 3271 1252 3310 parfait.
1276 3271 1428 3302 achever
1445 3281 1452 3309 ς
1469 3279 1564 3302 —ou
1582 3272 1666 3302 >bien
1687 3271 1851 3310 tamenn,
1872 3277 1959 3302 avec

194 3321 241 3344 un
263 3311 336 3342 teth
359 3315 377 3342 a
399 3311 430 3342 la
450 3311 546 3352 place
564 3311 606 3342 de
629 3308 726 3348 thcw,
748 3312 791 3342 ils
812 3314 873 3343 ont
889 3312 1006 3348 cache,
1028 3311 1224 3343 dissimulo.
