<?xml version="1.0" encoding="UTF-8"?>
<!DOCTYPE html PUBLIC "-//W3C//DTD XHTML 1.0 Transitional//EN"
    "http://www.w3.org/TR/xhtml1/DTD/xhtml1-transitional.dtd">
<html xmlns="http://www.w3.org/1999/xhtml" xml:lang="en" lang="en">
 <head>
  <title>
</title>
<meta http-equiv="Content-Type" content="text/html;charset=utf-8" />
  <meta name='ocr-system' content='tesseract 3.04.00' />
  <meta name='ocr-capabilities' content='ocr_page ocr_carea ocr_par ocr_line ocrx_word'/>
</head>
<body>
  <div class='ocr_page' id='page_1' title='image "./psalteriumjuxtah00pann/psalteriumjuxtah00pann_0240.png"; bbox 0 0 2243 3568; ppageno 0'>
   <div class='ocr_carea' id='block_1_1' title="bbox 986 149 1225 190">
    <p class='ocr_par' dir='ltr' id='par_1_1' title="bbox 986 149 1225 190">
     <span class='ocr_line' id='line_1_1' title="bbox 986 149 1225 190; baseline -0.004 0"><span class='ocrx_word' id='word_1_1' title='bbox 986 149 1225 190; x_wconf 75' lang='lat'>—206—</span> 
     </span>
    </p>
   </div>
   <div class='ocr_carea' id='block_1_2' title="bbox 1519 270 1983 316">
    <p class='ocr_par' dir='ltr' id='par_1_2' title="bbox 1519 270 1983 316">
     <span class='ocr_line' id='line_1_2' title="bbox 1519 270 1983 316; baseline -0.006 0"><span class='ocrx_word' id='word_1_2' title='bbox 1519 272 1750 316; x_wconf 90' lang='lat' dir='ltr'>PSAUME</span> <span class='ocrx_word' id='word_1_3' title='bbox 1783 270 1983 315; x_wconf 91' lang='lat' dir='ltr'>LXXVI.</span> 
     </span>
    </p>
   </div>
   <div class='ocr_carea' id='block_1_3' title="bbox 215 413 1993 535">
    <p class='ocr_par' dir='ltr' id='par_1_3' title="bbox 215 413 1993 535">
     <span class='ocr_line' id='line_1_3' title="bbox 298 413 1993 470; baseline -0.002 -12"><span class='ocrx_word' id='word_1_4' title='bbox 298 418 434 460; x_wconf 71' lang='lat' dir='ltr'>Ghant</span> <span class='ocrx_word' id='word_1_5' title='bbox 448 420 493 458; x_wconf 77' lang='lat' dir='ltr'>de</span> <span class='ocrx_word' id='word_1_6' title='bbox 509 415 708 470; x_wconf 71' lang='lat' dir='ltr'>triomphe</span> <span class='ocrx_word' id='word_1_7' title='bbox 721 418 838 469; x_wconf 64' lang='lat' dir='ltr'>apres</span> <span class='ocrx_word' id='word_1_8' title='bbox 852 415 1093 469; x_wconf 65' lang='lat' dir='ltr'>uwede&#39;faz&#39;ze</span> <span class='ocrx_word' id='word_1_9' title='bbox 1109 418 1174 456; x_wconf 67' lang='lat' dir='ltr'>des</span> <span class='ocrx_word' id='word_1_10' title='bbox 1193 417 1374 456; x_wconf 75' lang='lat' dir='ltr'>ennemis</span> <span class='ocrx_word' id='word_1_11' title='bbox 1390 413 1560 456; x_wconf 70' lang='lat' dir='ltr'>d&#39;Israe&#39;l</span> <span class='ocrx_word' id='word_1_12' title='bbox 1570 427 1666 455; x_wconf 72' lang='lat' dir='ltr'>sous</span> <span class='ocrx_word' id='word_1_13' title='bbox 1682 414 1735 455; x_wconf 74' lang='lat' dir='ltr'>les</span> <span class='ocrx_word' id='word_1_14' title='bbox 1755 427 1869 455; x_wconf 81' lang='lat' dir='ltr'>murs</span> <span class='ocrx_word' id='word_1_15' title='bbox 1890 416 1937 455; x_wconf 83' lang='lat' dir='ltr'>de</span> <span class='ocrx_word' id='word_1_16' title='bbox 1952 414 1993 455; x_wconf 83' lang='lat' dir='ltr'>la</span> 
     </span>
     <span class='ocr_line' id='line_1_4' title="bbox 215 479 1992 535; baseline -0.002 -11"><span class='ocrx_word' id='word_1_17' title='bbox 215 487 292 525; x_wconf 75' lang='lat' dir='ltr'>cile‘</span> <span class='ocrx_word' id='word_1_18' title='bbox 303 485 437 524; x_wconf 67' lang='lat' dir='ltr'>sainte</span> <span class='ocrx_word' id='word_1_19' title='bbox 451 497 458 532; x_wconf 65' lang='grc' dir='ltr'><strong>ς</strong></span> <span class='ocrx_word' id='word_1_20' title='bbox 473 485 499 524; x_wconf 75' lang='grc' dir='ltr'><em>ὰ</em></span> <span class='ocrx_word' id='word_1_21' title='bbox 510 494 722 535; x_wconf 73' lang='lat' dir='ltr'>comparet·</span> <span class='ocrx_word' id='word_1_22' title='bbox 735 495 820 522; x_wconf 65' lang='grc' dir='ltr'><em>(ιηςυ</em></span> <span class='ocrx_word' id='word_1_23' title='bbox 831 494 1017 534; x_wconf 70' lang='lat' dir='ltr'>psaumes</span> <span class='ocrx_word' id='word_1_24' title='bbox 1034 486 1069 522; x_wconf 84' lang='lat' dir='ltr'><em>X</em></span> <span class='ocrx_word' id='word_1_25' title='bbox 1076 485 1154 521; x_wconf 83' lang='lat' dir='ltr'>LVI</span> <span class='ocrx_word' id='word_1_26' title='bbox 1161 485 1272 521; x_wconf 71' lang='lat' dir='ltr'>etXL</span> <span class='ocrx_word' id='word_1_27' title='bbox 1283 485 1385 529; x_wconf 84' lang='lat' dir='ltr'><strong><em>VIII,</em></strong></span> <span class='ocrx_word' id='word_1_28' title='bbox 1397 480 1597 532; x_wconf 77' lang='lat' dir='ltr'>compose&#39;s</span> <span class='ocrx_word' id='word_1_29' title='bbox 1606 481 1809 532; x_wconf 61' lang='lat' dir='ltr'>peut-ecre</span> <span class='ocrx_word' id='word_1_30' title='bbox 1821 481 1924 520; x_wconf 80' lang='lat' dir='ltr'>dans</span> <span class='ocrx_word' id='word_1_31' title='bbox 1938 479 1992 520; x_wconf 74' lang='lat' dir='ltr'>ces</span> 
     </span>
    </p>
   </div>
   <div class='ocr_carea' id='block_1_4' title="bbox 218 613 782 815">
    <p class='ocr_par' dir='ltr' id='par_1_4' title="bbox 218 613 782 815">
     <span class='ocr_line' id='line_1_5' title="bbox 272 613 779 657; baseline -0.008 -3"><span class='ocrx_word' id='word_1_32' title='bbox 272 615 484 655; x_wconf 83' lang='lat' dir='ltr'><strong>LXXV.—</strong></span> <span class='ocrx_word' id='word_1_33' title='bbox 511 614 545 653; x_wconf 84' lang='lat'>1.</span> <span class='ocrx_word' id='word_1_34' title='bbox 571 613 616 652; x_wconf 83' lang='lat' dir='ltr'>IN</span> <span class='ocrx_word' id='word_1_35' title='bbox 637 624 779 657; x_wconf 74' lang='lat' dir='ltr'>FINEM,</span> 
     </span>
     <span class='ocr_line' id='line_1_6' title="bbox 220 677 778 715; baseline -0.009 -7"><span class='ocrx_word' id='word_1_36' title='bbox 220 681 260 709; x_wconf 78' lang='lat' dir='ltr'>IN</span> <span class='ocrx_word' id='word_1_37' title='bbox 302 679 522 715; x_wconf 65' lang='lat' dir='ltr'>LAunfflus,</span> <span class='ocrx_word' id='word_1_38' title='bbox 561 677 778 706; x_wconf 79' lang='lat' dir='ltr'>PSALMUS</span> 
     </span>
     <span class='ocr_line' id='line_1_7' title="bbox 218 721 782 768; baseline -0.005 -7"><span class='ocrx_word' id='word_1_39' title='bbox 218 724 375 768; x_wconf 67' lang='grc' dir='ltr'><strong>ΑΞΑΡΗ,</strong></span> <span class='ocrx_word' id='word_1_40' title='bbox 406 731 613 761; x_wconf 80' lang='lat' dir='ltr'>CANTICUM</span> <span class='ocrx_word' id='word_1_41' title='bbox 634 732 688 759; x_wconf 76' lang='lat' dir='ltr'>AD</span> <span class='ocrx_word' id='word_1_42' title='bbox 712 721 782 758; x_wconf 88' lang='lat' dir='ltr'>As-</span> 
     </span>
     <span class='ocr_line' id='line_1_8' title="bbox 218 786 382 815; baseline -0.006 0"><span class='ocrx_word' id='word_1_43' title='bbox 218 786 382 815; x_wconf 71' lang='lat' dir='ltr'>svaros.</span> 
     </span>
    </p>
   </div>
   <div class='ocr_carea' id='block_1_5' title="bbox 214 897 783 3126">
    <p class='ocr_par' dir='ltr' id='par_1_5' title="bbox 218 897 781 1051">
     <span class='ocr_line' id='line_1_9' title="bbox 264 897 781 935; baseline -0.006 0"><span class='ocrx_word' id='word_1_44' title='bbox 264 900 303 935; x_wconf 78' lang='lat'>2.</span> <span class='ocrx_word' id='word_1_45' title='bbox 353 900 499 934; x_wconf 85' lang='lat' dir='ltr'>Notus</span> <span class='ocrx_word' id='word_1_46' title='bbox 539 899 583 933; x_wconf 89' lang='lat' dir='ltr'>in</span> <span class='ocrx_word' id='word_1_47' title='bbox 620 897 781 933; x_wconf 77' lang='lat' dir='ltr'>Judaea</span> 
     </span>
     <span class='ocr_line' id='line_1_10' title="bbox 219 951 781 996; baseline -0.009 -8"><span class='ocrx_word' id='word_1_48' title='bbox 219 954 321 988; x_wconf 91' lang='lat' dir='ltr'>Deus</span> <span class='ocrx_word' id='word_1_49' title='bbox 339 964 347 996; x_wconf 81' lang='lat'><em>3</em></span> <span class='ocrx_word' id='word_1_50' title='bbox 364 952 384 972; x_wconf 66' lang='lat'><em>*</em></span> <span class='ocrx_word' id='word_1_51' title='bbox 403 953 440 987; x_wconf 91' lang='lat' dir='ltr'>in</span> <span class='ocrx_word' id='word_1_52' title='bbox 461 951 580 988; x_wconf 87' lang='lat' dir='ltr'>Israel</span> <span class='ocrx_word' id='word_1_53' title='bbox 597 960 781 995; x_wconf 80' lang='lat' dir='ltr'>magnum</span> 
     </span>
     <span class='ocr_line' id='line_1_11' title="bbox 218 1003 480 1051; baseline 0 -10"><span class='ocrx_word' id='word_1_54' title='bbox 218 1017 358 1042; x_wconf 91' lang='lat' dir='ltr'>nomen</span> <span class='ocrx_word' id='word_1_55' title='bbox 381 1003 480 1051; x_wconf 81' lang='lat' dir='ltr'>ejus.</span> 
     </span>
    </p>

    <p class='ocr_par' dir='ltr' id='par_1_6' title="bbox 217 1057 782 1213">
     <span class='ocr_line' id='line_1_12' title="bbox 263 1057 782 1101; baseline -0.008 -6"><span class='ocrx_word' id='word_1_56' title='bbox 263 1060 297 1095; x_wconf 83' lang='lat'>3.</span> <span class='ocrx_word' id='word_1_57' title='bbox 324 1060 516 1095; x_wconf 81' lang='lat' dir='ltr'>Et&#39;factus</span> <span class='ocrx_word' id='word_1_58' title='bbox 542 1061 602 1093; x_wconf 87' lang='lat' dir='ltr'>est</span> <span class='ocrx_word' id='word_1_59' title='bbox 630 1057 668 1091; x_wconf 94' lang='lat' dir='ltr'>in</span> <span class='ocrx_word' id='word_1_60' title='bbox 693 1068 782 1101; x_wconf 75' lang='lat' dir='ltr'>pace</span> 
     </span>
     <span class='ocr_line' id='line_1_13' title="bbox 217 1111 781 1159; baseline -0.005 -11"><span class='ocrx_word' id='word_1_61' title='bbox 217 1113 327 1150; x_wconf 88' lang='lat' dir='ltr'>locus</span> <span class='ocrx_word' id='word_1_62' title='bbox 349 1111 435 1159; x_wconf 76' lang='lat' dir='ltr'>ejus</span> <span class='ocrx_word' id='word_1_63' title='bbox 453 1124 460 1156; x_wconf 83' lang='lat'><em>;</em></span> <span class='ocrx_word' id='word_1_64' title='bbox 478 1112 498 1124; x_wconf 51' lang='lat'>³*</span> <span class='ocrx_word' id='word_1_65' title='bbox 525 1115 563 1147; x_wconf 86' lang='lat' dir='ltr'>et</span> <span class='ocrx_word' id='word_1_66' title='bbox 592 1111 781 1146; x_wconf 81' lang='lat' dir='ltr'>habitatio</span> 
     </span>
     <span class='ocr_line' id='line_1_14' title="bbox 217 1165 495 1213; baseline -0.004 -11"><span class='ocrx_word' id='word_1_67' title='bbox 217 1165 303 1213; x_wconf 88' lang='lat' dir='ltr'>ejus</span> <span class='ocrx_word' id='word_1_68' title='bbox 326 1167 365 1202; x_wconf 91' lang='lat' dir='ltr'>in</span> <span class='ocrx_word' id='word_1_69' title='bbox 387 1167 495 1201; x_wconf 83' lang='lat' dir='ltr'><strong>Sion.</strong></span> 
     </span>
    </p>

    <p class='ocr_par' dir='ltr' id='par_1_7' title="bbox 216 1218 780 1363">
     <span class='ocr_line' id='line_1_15' title="bbox 265 1218 780 1264; baseline -0.01 -9"><span class='ocrx_word' id='word_1_70' title='bbox 265 1221 298 1255; x_wconf 82' lang='lat'>4.</span> <span class='ocrx_word' id='word_1_71' title='bbox 332 1220 387 1255; x_wconf 91' lang='lat' dir='ltr'>lbi</span> <span class='ocrx_word' id='word_1_72' title='bbox 418 1218 613 1264; x_wconf 72' lang='lat' dir='ltr'>confregit</span> <span class='ocrx_word' id='word_1_73' title='bbox 645 1220 780 1262; x_wconf 71' lang='lat' dir='ltr'>poten-</span> 
     </span>
     <span class='ocr_line' id='line_1_16' title="bbox 219 1270 780 1316; baseline -0.007 -7"><span class='ocrx_word' id='word_1_74' title='bbox 219 1274 293 1309; x_wconf 88' lang='lat' dir='ltr'>tias</span> <span class='ocrx_word' id='word_1_75' title='bbox 305 1273 507 1312; x_wconf 54' lang='lat' dir='ltr'>arcuumff*</span> <span class='ocrx_word' id='word_1_76' title='bbox 525 1270 780 1316; x_wconf 65' lang='lat' dir='ltr'>scutumgla-</span> 
     </span>
     <span class='ocr_line' id='line_1_17' title="bbox 216 1326 560 1363; baseline -0.009 -1"><span class='ocrx_word' id='word_1_77' title='bbox 216 1327 323 1363; x_wconf 88' lang='lat' dir='ltr'>dium</span> <span class='ocrx_word' id='word_1_78' title='bbox 341 1329 378 1362; x_wconf 92' lang='lat' dir='ltr'>et</span> <span class='ocrx_word' id='word_1_79' title='bbox 400 1326 560 1362; x_wconf 91' lang='lat' dir='ltr'>bellum.</span> 
     </span>
    </p>

    <p class='ocr_par' dir='ltr' id='par_1_8' title="bbox 217 1377 779 1469">
     <span class='ocr_line' id='line_1_18' title="bbox 263 1377 779 1416; baseline -0.01 0"><span class='ocrx_word' id='word_1_80' title='bbox 263 1380 297 1416; x_wconf 82' lang='lat'>5.</span> <span class='ocrx_word' id='word_1_81' title='bbox 319 1380 553 1415; x_wconf 89' lang='lat' dir='ltr'>llluminans</span> <span class='ocrx_word' id='word_1_82' title='bbox 568 1381 608 1413; x_wconf 89' lang='lat' dir='ltr'>tu</span> <span class='ocrx_word' id='word_1_83' title='bbox 624 1377 779 1412; x_wconf 85' lang='lat' dir='ltr'>mirabi-</span> 
     </span>
     <span class='ocr_line' id='line_1_19' title="bbox 217 1431 776 1469; baseline -0.007 0"><span class='ocrx_word' id='word_1_84' title='bbox 217 1434 307 1469; x_wconf 80' lang='lat' dir='ltr'><strong>liter</strong></span> <span class='ocrx_word' id='word_1_85' title='bbox 327 1444 348 1469; x_wconf 86' lang='lat' dir='ltr'>a</span> <span class='ocrx_word' id='word_1_86' title='bbox 374 1433 575 1468; x_wconf 90' lang='lat' dir='ltr'>montibus</span> <span class='ocrx_word' id='word_1_87' title='bbox 593 1431 776 1469; x_wconf 76' lang='lat' dir='ltr'>aeter11is;</span> 
     </span>
    </p>

    <p class='ocr_par' dir='ltr' id='par_1_9' title="bbox 217 1487 781 1791">
     <span class='ocr_line' id='line_1_20' title="bbox 263 1487 780 1522; baseline -0.008 0"><span class='ocrx_word' id='word_1_88' title='bbox 263 1488 300 1522; x_wconf 85' lang='grc'>6.</span> <span class='ocrx_word' id='word_1_89' title='bbox 335 1487 495 1522; x_wconf 77' lang='lat' dir='ltr'>Turbati</span> <span class='ocrx_word' id='word_1_90' title='bbox 524 1489 618 1521; x_wconf 86' lang='lat' dir='ltr'>sunt</span> <span class='ocrx_word' id='word_1_91' title='bbox 645 1494 780 1519; x_wconf 85' lang='lat' dir='ltr'>omnes</span> 
     </span>
     <span class='ocr_line' id='line_1_21' title="bbox 218 1538 780 1586; baseline -0.007 -11"><span class='ocrx_word' id='word_1_92' title='bbox 218 1541 452 1586; x_wconf 76' lang='lat' dir='ltr'>insipientes</span> <span class='ocrx_word' id='word_1_93' title='bbox 465 1540 593 1575; x_wconf 89' lang='lat' dir='ltr'>corde.</span> <span class='ocrx_word' id='word_1_94' title='bbox 611 1538 780 1573; x_wconf 87' lang='lat' dir='ltr'>Dormie-</span> 
     </span>
     <span class='ocr_line' id='line_1_22' title="bbox 217 1592 781 1634; baseline -0.007 -4"><span class='ocrx_word' id='word_1_95' title='bbox 217 1598 312 1630; x_wconf 92' lang='lat' dir='ltr'>runt</span> <span class='ocrx_word' id='word_1_96' title='bbox 333 1604 514 1630; x_wconf 89' lang='lat' dir='ltr'>somnum</span> <span class='ocrx_word' id='word_1_97' title='bbox 539 1603 653 1628; x_wconf 89' lang='lat' dir='ltr'>suum</span> <span class='ocrx_word' id='word_1_98' title='bbox 674 1603 681 1634; x_wconf 85' lang='lat'>;</span> <span class='ocrx_word' id='word_1_99' title='bbox 705 1592 724 1611; x_wconf 81' lang='grc'><strong>“”··</strong></span> <span class='ocrx_word' id='word_1_100' title='bbox 744 1594 781 1626; x_wconf 88' lang='lat' dir='ltr'>et</span> 
     </span>
     <span class='ocr_line' id='line_1_23' title="bbox 218 1648 780 1683; baseline -0.007 0"><span class='ocrx_word' id='word_1_101' title='bbox 218 1649 315 1683; x_wconf 89' lang='lat' dir='ltr'>nihil</span> <span class='ocrx_word' id='word_1_102' title='bbox 363 1648 602 1683; x_wconf 80' lang='lat' dir='ltr'>invenerunt</span> <span class='ocrx_word' id='word_1_103' title='bbox 645 1655 780 1680; x_wconf 81' lang='lat' dir='ltr'>omnes</span> 
     </span>
     <span class='ocr_line' id='line_1_24' title="bbox 218 1699 780 1737; baseline -0.005 -1"><span class='ocrx_word' id='word_1_104' title='bbox 218 1702 531 1737; x_wconf 86' lang='lat' dir='ltr'>viridivitiarum</span> <span class='ocrx_word' id='word_1_105' title='bbox 547 1699 780 1734; x_wconf 85' lang='lat' dir='ltr'>inmanibus</span> 
     </span>
     <span class='ocr_line' id='line_1_25' title="bbox 217 1755 314 1791; baseline 0.01 -1"><span class='ocrx_word' id='word_1_106' title='bbox 217 1755 314 1791; x_wconf 88' lang='lat' dir='ltr'>suis.</span> 
     </span>
    </p>

    <p class='ocr_par' dir='ltr' id='par_1_10' title="bbox 215 1807 782 2013">
     <span class='ocr_line' id='line_1_26' title="bbox 263 1807 778 1852; baseline -0.008 -9"><span class='ocrx_word' id='word_1_107' title='bbox 263 1809 297 1843; x_wconf 83' lang='lat'>7.</span> <span class='ocrx_word' id='word_1_108' title='bbox 322 1808 379 1843; x_wconf 91' lang='lat' dir='ltr'>Ab</span> <span class='ocrx_word' id='word_1_109' title='bbox 405 1807 672 1852; x_wconf 62' lang='lat' dir='ltr'>increpatione</span> <span class='ocrx_word' id='word_1_110' title='bbox 700 1809 778 1845; x_wconf 84' lang='lat' dir='ltr'>tua,</span> 
     </span>
     <span class='ocr_line' id='line_1_27' title="bbox 219 1859 782 1897; baseline -0.007 -1"><span class='ocrx_word' id='word_1_111' title='bbox 219 1863 318 1897; x_wconf 86' lang='lat' dir='ltr'>Deus</span> <span class='ocrx_word' id='word_1_112' title='bbox 363 1861 482 1896; x_wconf 83' lang='lat' dir='ltr'>Jacob</span> <span class='ocrx_word' id='word_1_113' title='bbox 517 1860 536 1879; x_wconf 61' lang='lat'>⁴*</span> <span class='ocrx_word' id='word_1_114' title='bbox 596 1859 782 1895; x_wconf 85' lang='lat' dir='ltr'>dormita-</span> 
     </span>
     <span class='ocr_line' id='line_1_28' title="bbox 218 1913 782 1959; baseline -0.007 -9"><span class='ocrx_word' id='word_1_115' title='bbox 218 1918 360 1950; x_wconf 86' lang='lat' dir='ltr'>verunt</span> <span class='ocrx_word' id='word_1_116' title='bbox 404 1914 470 1959; x_wconf 81' lang='lat' dir='ltr'>qui</span> <span class='ocrx_word' id='word_1_117' title='bbox 515 1913 782 1948; x_wconf 84' lang='lat' dir='ltr'>ascenderunt</span> 
     </span>
     <span class='ocr_line' id='line_1_29' title="bbox 215 1978 350 2013; baseline 0 -10"><span class='ocrx_word' id='word_1_118' title='bbox 215 1978 350 2013; x_wconf 88' lang='lat' dir='ltr'>equos.</span> 
     </span>
    </p>

    <p class='ocr_par' dir='ltr' id='par_1_11' title="bbox 218 2019 782 2163">
     <span class='ocr_line' id='line_1_30' title="bbox 263 2019 782 2059; baseline -0.008 -3"><span class='ocrx_word' id='word_1_119' title='bbox 263 2022 300 2056; x_wconf 82' lang='lat'>8.</span> <span class='ocrx_word' id='word_1_120' title='bbox 339 2021 393 2055; x_wconf 92' lang='lat' dir='ltr'>Tu</span> <span class='ocrx_word' id='word_1_121' title='bbox 429 2019 620 2055; x_wconf 88' lang='lat' dir='ltr'>terribilis</span> <span class='ocrx_word' id='word_1_122' title='bbox 654 2029 709 2059; x_wconf 89' lang='lat' dir='ltr'>es,</span> <span class='ocrx_word' id='word_1_123' title='bbox 745 2020 782 2053; x_wconf 84' lang='lat' dir='ltr'>et</span> 
     </span>
     <span class='ocr_line' id='line_1_31' title="bbox 218 2070 780 2120; baseline -0.007 -11"><span class='ocrx_word' id='word_1_124' title='bbox 218 2074 306 2120; x_wconf 90' lang='lat' dir='ltr'>quis</span> <span class='ocrx_word' id='word_1_125' title='bbox 339 2073 499 2108; x_wconf 84' lang='lat' dir='ltr'>resistet</span> <span class='ocrx_word' id='word_1_126' title='bbox 530 2072 601 2107; x_wconf 90' lang='lat' dir='ltr'>tibi</span> <span class='ocrx_word' id='word_1_127' title='bbox 632 2070 651 2106; x_wconf 65' lang='grc' dir='ltr'>ἶ)</span> <span class='ocrx_word' id='word_1_128' title='bbox 682 2071 701 2090; x_wconf 69' lang='lat'><em>*</em></span> <span class='ocrx_word' id='word_1_129' title='bbox 735 2081 780 2105; x_wconf 81' lang='lat' dir='ltr'>ex</span> 
     </span>
     <span class='ocr_line' id='line_1_32' title="bbox 218 2127 495 2163; baseline -0.007 0"><span class='ocrx_word' id='word_1_130' title='bbox 218 2130 312 2163; x_wconf 85' lang='lat' dir='ltr'>tunc</span> <span class='ocrx_word' id='word_1_131' title='bbox 338 2127 394 2162; x_wconf 88' lang='lat' dir='ltr'>ira</span> <span class='ocrx_word' id='word_1_132' title='bbox 418 2129 495 2161; x_wconf 89' lang='lat' dir='ltr'>tua.</span> 
     </span>
    </p>

    <p class='ocr_par' dir='ltr' id='par_1_12' title="bbox 217 2177 781 2331">
     <span class='ocr_line' id='line_1_33' title="bbox 263 2177 781 2215; baseline -0.01 0"><span class='ocrx_word' id='word_1_133' title='bbox 263 2180 297 2215; x_wconf 81' lang='lat'>9.</span> <span class='ocrx_word' id='word_1_134' title='bbox 324 2180 375 2215; x_wconf 91' lang='lat' dir='ltr'>De</span> <span class='ocrx_word' id='word_1_135' title='bbox 396 2179 494 2214; x_wconf 86' lang='lat' dir='ltr'>coelo</span> <span class='ocrx_word' id='word_1_136' title='bbox 520 2178 698 2213; x_wconf 85' lang='lat' dir='ltr'>auditum</span> <span class='ocrx_word' id='word_1_137' title='bbox 727 2177 781 2211; x_wconf 82' lang='lat' dir='ltr'>le-</span> 
     </span>
     <span class='ocr_line' id='line_1_34' title="bbox 217 2231 779 2278; baseline -0.007 -10"><span class='ocrx_word' id='word_1_138' title='bbox 217 2233 306 2269; x_wconf 86' lang='lat' dir='ltr'>cisti</span> <span class='ocrx_word' id='word_1_139' title='bbox 348 2231 540 2278; x_wconf 83' lang='lat' dir='ltr'>judicium</span> <span class='ocrx_word' id='word_1_140' title='bbox 565 2243 572 2275; x_wconf 87' lang='grc'><strong>;</strong></span> <span class='ocrx_word' id='word_1_141' title='bbox 614 2231 633 2249; x_wconf 71' lang='lat'><em>*</em></span> <span class='ocrx_word' id='word_1_142' title='bbox 675 2233 779 2265; x_wconf 89' lang='lat' dir='ltr'>terra</span> 
     </span>
     <span class='ocr_line' id='line_1_35' title="bbox 219 2285 621 2331; baseline -0.007 -9"><span class='ocrx_word' id='word_1_143' title='bbox 219 2287 381 2322; x_wconf 84' lang='lat' dir='ltr'>tremuit</span> <span class='ocrx_word' id='word_1_144' title='bbox 400 2289 433 2321; x_wconf 86' lang='lat' dir='ltr'>et</span> <span class='ocrx_word' id='word_1_145' title='bbox 458 2285 621 2331; x_wconf 88' lang='lat' dir='ltr'>quievit.</span> 
     </span>
    </p>

    <p class='ocr_par' dir='ltr' id='par_1_13' title="bbox 214 2336 780 2535">
     <span class='ocr_line' id='line_1_36' title="bbox 263 2336 779 2383; baseline -0.008 -9"><span class='ocrx_word' id='word_1_146' title='bbox 263 2340 319 2374; x_wconf 78' lang='lat'>10.</span> <span class='ocrx_word' id='word_1_147' title='bbox 360 2339 453 2374; x_wconf 89' lang='lat' dir='ltr'>Cum</span> <span class='ocrx_word' id='word_1_148' title='bbox 493 2340 703 2383; x_wconf 69' lang='lat' dir='ltr'>exurgeret</span> <span class='ocrx_word' id='word_1_149' title='bbox 742 2336 779 2370; x_wconf 85' lang='lat' dir='ltr'>iii</span> 
     </span>
     <span class='ocr_line' id='line_1_37' title="bbox 214 2391 780 2438; baseline -0.007 -10"><span class='ocrx_word' id='word_1_150' title='bbox 214 2391 404 2438; x_wconf 84' lang='lat' dir='ltr'>judiciuin</span> <span class='ocrx_word' id='word_1_151' title='bbox 423 2393 536 2430; x_wconf 82' lang='lat' dir='ltr'>Deus,</span> <span class='ocrx_word' id='word_1_152' title='bbox 554 2391 574 2410; x_wconf 68' lang='lat'><em>*</em></span> <span class='ocrx_word' id='word_1_153' title='bbox 590 2394 631 2425; x_wconf 94' lang='lat' dir='ltr'>ut</span> <span class='ocrx_word' id='word_1_154' title='bbox 651 2391 780 2425; x_wconf 84' lang='lat' dir='ltr'>salvos</span> 
     </span>
     <span class='ocr_line' id='line_1_38' title="bbox 217 2446 780 2481; baseline -0.005 0"><span class='ocrx_word' id='word_1_155' title='bbox 217 2447 361 2481; x_wconf 78' lang='lat' dir='ltr'>faceret</span> <span class='ocrx_word' id='word_1_156' title='bbox 388 2455 524 2481; x_wconf 87' lang='lat' dir='ltr'>omnes</span> <span class='ocrx_word' id='word_1_157' title='bbox 553 2446 780 2479; x_wconf 84' lang='lat' dir='ltr'>mansuetos</span> 
     </span>
     <span class='ocr_line' id='line_1_39' title="bbox 218 2503 347 2535; baseline -0.008 0"><span class='ocrx_word' id='word_1_158' title='bbox 218 2503 347 2535; x_wconf 82' lang='lat' dir='ltr'>terrae.</span> 
     </span>
    </p>

    <p class='ocr_par' dir='ltr' id='par_1_14' title="bbox 218 2549 781 2756">
     <span class='ocr_line' id='line_1_40' title="bbox 265 2549 780 2596; baseline -0.006 -9"><span class='ocrx_word' id='word_1_159' title='bbox 265 2551 324 2587; x_wconf 87' lang='lat'>11.</span> <span class='ocrx_word' id='word_1_160' title='bbox 364 2552 553 2596; x_wconf 87' lang='lat' dir='ltr'>Quoniam</span> <span class='ocrx_word' id='word_1_161' title='bbox 593 2549 780 2596; x_wconf 84' lang='lat' dir='ltr'>cogitatio</span> 
     </span>
     <span class='ocr_line' id='line_1_41' title="bbox 218 2602 781 2641; baseline -0.005 -1"><span class='ocrx_word' id='word_1_162' title='bbox 218 2605 388 2641; x_wconf 88' lang='lat' dir='ltr'>hominis</span> <span class='ocrx_word' id='word_1_163' title='bbox 400 2604 655 2641; x_wconf 89' lang='lat' dir='ltr'>confitebitur</span> <span class='ocrx_word' id='word_1_164' title='bbox 670 2602 781 2639; x_wconf 68' lang='lat' dir='ltr'>tibiz*</span> 
     </span>
     <span class='ocr_line' id='line_1_42' title="bbox 218 2655 781 2703; baseline -0.005 -10"><span class='ocrx_word' id='word_1_165' title='bbox 218 2661 256 2693; x_wconf 90' lang='lat' dir='ltr'>et</span> <span class='ocrx_word' id='word_1_166' title='bbox 299 2658 477 2703; x_wconf 82' lang='lat' dir='ltr'>reliquiae</span> <span class='ocrx_word' id='word_1_167' title='bbox 528 2655 781 2703; x_wconf 78' lang='lat' dir='ltr'>cogitationis</span> 
     </span>
     <span class='ocr_line' id='line_1_43' title="bbox 218 2709 732 2756; baseline -0.008 -9"><span class='ocrx_word' id='word_1_168' title='bbox 218 2711 319 2747; x_wconf 90' lang='lat' dir='ltr'>diem</span> <span class='ocrx_word' id='word_1_169' title='bbox 344 2712 486 2747; x_wconf 76' lang='lat' dir='ltr'>testum</span> <span class='ocrx_word' id='word_1_170' title='bbox 508 2713 627 2756; x_wconf 83' lang='lat' dir='ltr'>agent</span> <span class='ocrx_word' id='word_1_171' title='bbox 648 2709 732 2744; x_wconf 85' lang='lat' dir='ltr'>tibi.</span> 
     </span>
    </p>

    <p class='ocr_par' dir='ltr' id='par_1_15' title="bbox 217 2762 783 2958">
     <span class='ocr_line' id='line_1_44' title="bbox 267 2762 783 2800; baseline -0.006 -1"><span class='ocrx_word' id='word_1_172' title='bbox 267 2764 328 2800; x_wconf 76' lang='lat'>12.</span> <span class='ocrx_word' id='word_1_173' title='bbox 371 2765 514 2799; x_wconf 87' lang='lat' dir='ltr'>Vovete</span> <span class='ocrx_word' id='word_1_174' title='bbox 555 2766 592 2798; x_wconf 85' lang='lat' dir='ltr'>et</span> <span class='ocrx_word' id='word_1_175' title='bbox 632 2762 783 2798; x_wconf 87' lang='lat' dir='ltr'>reddite</span> 
     </span>
     <span class='ocr_line' id='line_1_45' title="bbox 222 2817 782 2851; baseline -0.005 0"><span class='ocrx_word' id='word_1_176' title='bbox 222 2817 384 2851; x_wconf 86' lang='lat' dir='ltr'>Domino</span> <span class='ocrx_word' id='word_1_177' title='bbox 416 2817 491 2851; x_wconf 84' lang='lat' dir='ltr'>Deo</span> <span class='ocrx_word' id='word_1_178' title='bbox 513 2819 670 2851; x_wconf 89' lang='lat' dir='ltr'>vestro:</span> <span class='ocrx_word' id='word_1_179' title='bbox 700 2826 782 2849; x_wconf 86' lang='lat' dir='ltr'>om-</span> 
     </span>
     <span class='ocr_line' id='line_1_46' title="bbox 219 2866 782 2914; baseline -0.004 -9"><span class='ocrx_word' id='word_1_180' title='bbox 219 2880 288 2905; x_wconf 86' lang='lat' dir='ltr'>nes</span> <span class='ocrx_word' id='word_1_181' title='bbox 321 2870 386 2914; x_wconf 90' lang='lat' dir='ltr'>qui</span> <span class='ocrx_word' id='word_1_182' title='bbox 426 2870 462 2903; x_wconf 93' lang='lat' dir='ltr'>in</span> <span class='ocrx_word' id='word_1_183' title='bbox 497 2868 666 2903; x_wconf 82' lang='lat' dir='ltr'>circuitu</span> <span class='ocrx_word' id='word_1_184' title='bbox 697 2866 782 2913; x_wconf 81' lang='lat' dir='ltr'>ejus</span> 
     </span>
     <span class='ocr_line' id='line_1_47' title="bbox 217 2921 764 2958; baseline -0.005 0"><span class='ocrx_word' id='word_1_185' title='bbox 217 2923 368 2958; x_wconf 85' lang='lat' dir='ltr'>assertis</span> <span class='ocrx_word' id='word_1_186' title='bbox 390 2933 564 2957; x_wconf 87' lang='lat' dir='ltr'>munera.</span> <span class='ocrx_word' id='word_1_187' title='bbox 585 2921 764 2956; x_wconf 81' lang='lat' dir='ltr'>Terribili</span> 
     </span>
    </p>

    <p class='ocr_par' dir='ltr' id='par_1_16' title="bbox 219 2974 782 3126">
     <span class='ocr_line' id='line_1_48' title="bbox 268 2974 782 3020; baseline -0.006 -10"><span class='ocrx_word' id='word_1_188' title='bbox 268 2976 322 3010; x_wconf 74' lang='lat'>13.</span> <span class='ocrx_word' id='word_1_189' title='bbox 350 2976 393 3010; x_wconf 88' lang='lat' dir='ltr'>Et</span> <span class='ocrx_word' id='word_1_190' title='bbox 414 2975 446 3009; x_wconf 91' lang='lat' dir='ltr'>ei</span> <span class='ocrx_word' id='word_1_191' title='bbox 467 2975 530 3020; x_wconf 90' lang='lat' dir='ltr'>qui</span> <span class='ocrx_word' id='word_1_192' title='bbox 554 2975 683 3009; x_wconf 79' lang='lat' dir='ltr'>aufert</span> <span class='ocrx_word' id='word_1_193' title='bbox 702 2974 782 3018; x_wconf 84' lang='lat' dir='ltr'>spi-</span> 
     </span>
     <span class='ocr_line' id='line_1_49' title="bbox 222 3026 781 3073; baseline -0.005 -10"><span class='ocrx_word' id='word_1_194' title='bbox 222 3029 341 3063; x_wconf 84' lang='lat' dir='ltr'>ritum</span> <span class='ocrx_word' id='word_1_195' title='bbox 359 3028 594 3073; x_wconf 74' lang='lat' dir='ltr'>principum,</span> <span class='ocrx_word' id='word_1_196' title='bbox 613 3026 781 3061; x_wconf 83' lang='lat' dir='ltr'>terribili</span> 
     </span>
     <span class='ocr_line' id='line_1_50' title="bbox 219 3081 605 3126; baseline -0.008 -10"><span class='ocrx_word' id='word_1_197' title='bbox 219 3081 323 3126; x_wconf 88' lang='lat' dir='ltr'>apud</span> <span class='ocrx_word' id='word_1_198' title='bbox 343 3090 455 3126; x_wconf 87' lang='lat' dir='ltr'>reges</span> <span class='ocrx_word' id='word_1_199' title='bbox 478 3084 605 3115; x_wconf 79' lang='lat' dir='ltr'>terrae,</span> 
     </span>
    </p>
   </div>
   <div class='ocr_carea' id='block_1_6' title="bbox 912 612 1938 722">
    <p class='ocr_par' dir='ltr' id='par_1_17' title="bbox 912 612 1938 722">
     <span class='ocr_line' id='line_1_51' title="bbox 912 612 1938 651; baseline -0.002 0"><span class='ocrx_word' id='word_1_200' title='bbox 912 613 1235 651; x_wconf 81' lang='lat' dir='ltr'><strong>PRAECENTORI:</strong></span> <span class='ocrx_word' id='word_1_201' title='bbox 1267 623 1353 651; x_wconf 87' lang='lat' dir='ltr'>CUM</span> <span class='ocrx_word' id='word_1_202' title='bbox 1384 622 1548 651; x_wconf 72' lang='lat' dir='ltr'>rimans</span> <span class='ocrx_word' id='word_1_203' title='bbox 1578 623 1765 651; x_wconf 72' lang='lat' dir='ltr'>PSALMUS</span> <span class='ocrx_word' id='word_1_204' title='bbox 1795 612 1938 650; x_wconf 67' lang='lat' dir='ltr'>Asm’fl</span> 
     </span>
     <span class='ocr_line' id='line_1_52' title="bbox 1317 693 1538 722; baseline 0.009 -2"><span class='ocrx_word' id='word_1_205' title='bbox 1317 693 1538 722; x_wconf 70' lang='lat' dir='ltr'>CANncUM.</span> 
     </span>
    </p>
   </div>
   <div class='ocr_carea' id='block_1_7' title="bbox 1411 789 1441 828">
    <p class='ocr_par' dir='ltr' id='par_1_18' title="bbox 1411 789 1441 828">
     <span class='ocr_line' id='line_1_53' title="bbox 1411 789 1441 828; baseline 0.033 -1"><span class='ocrx_word' id='word_1_206' title='bbox 1411 789 1441 828; x_wconf 93' lang='grc' dir='ltr'>Ι.</span> 
     </span>
    </p>
   </div>
   <div class='ocr_carea' id='block_1_8' title="bbox 858 893 1796 1011">
    <p class='ocr_par' dir='ltr' id='par_1_19' title="bbox 858 893 1796 1011">
     <span class='ocr_line' id='line_1_54' title="bbox 858 893 1468 947; baseline -0.002 -12"><span class='ocrx_word' id='word_1_207' title='bbox 858 896 994 935; x_wconf 82' lang='lat' dir='ltr'>Notus</span> <span class='ocrx_word' id='word_1_208' title='bbox 1017 893 1113 947; x_wconf 84' lang='lat' dir='ltr'>[est]</span> <span class='ocrx_word' id='word_1_209' title='bbox 1136 895 1181 934; x_wconf 93' lang='lat' dir='ltr'>in</span> <span class='ocrx_word' id='word_1_210' title='bbox 1202 895 1315 934; x_wconf 72' lang='lat' dir='ltr'>,Iuda</span> <span class='ocrx_word' id='word_1_211' title='bbox 1340 895 1468 943; x_wconf 86' lang='lat' dir='ltr'>Deus,</span> 
     </span>
     <span class='ocr_line' id='line_1_55' title="bbox 909 959 1796 1011; baseline 0 -12"><span class='ocrx_word' id='word_1_212' title='bbox 909 961 955 1000; x_wconf 92' lang='lat' dir='ltr'>in</span> <span class='ocrx_word' id='word_1_213' title='bbox 978 961 1111 1000; x_wconf 88' lang='lat' dir='ltr'>Israel</span> <span class='ocrx_word' id='word_1_214' title='bbox 1135 972 1345 1011; x_wconf 81' lang='lat' dir='ltr'>magnum</span> <span class='ocrx_word' id='word_1_215' title='bbox 1369 959 1467 1011; x_wconf 83' lang='lat' dir='ltr'>[est]</span> <span class='ocrx_word' id='word_1_216' title='bbox 1490 972 1653 1000; x_wconf 89' lang='lat' dir='ltr'>nomen</span> <span class='ocrx_word' id='word_1_217' title='bbox 1671 961 1766 1011; x_wconf 85' lang='lat' dir='ltr'>ejus</span> <span class='ocrx_word' id='word_1_218' title='bbox 1787 974 1796 999; x_wconf 74' lang='grc' dir='ltr'><strong><em>ε</em></strong></span> 
     </span>
    </p>
   </div>
   <div class='ocr_carea' id='block_1_9' title="bbox 858 1037 1780 1153">
    <p class='ocr_par' dir='ltr' id='par_1_20' title="bbox 858 1037 1780 1153">
     <span class='ocr_line' id='line_1_56' title="bbox 858 1037 1780 1088; baseline 0 -12"><span class='ocrx_word' id='word_1_219' title='bbox 858 1039 906 1077; x_wconf 88' lang='lat' dir='ltr'>Et</span> <span class='ocrx_word' id='word_1_220' title='bbox 925 1043 988 1077; x_wconf 83' lang='lat' dir='ltr'>est</span> <span class='ocrx_word' id='word_1_221' title='bbox 1009 1037 1055 1076; x_wconf 89' lang='lat' dir='ltr'>in</span> <span class='ocrx_word' id='word_1_222' title='bbox 1079 1038 1223 1076; x_wconf 88' lang='lat' dir='ltr'>Salem</span> <span class='ocrx_word' id='word_1_223' title='bbox 1246 1037 1580 1077; x_wconf 86' lang='lat' dir='ltr'>tabernaculum</span> <span class='ocrx_word' id='word_1_224' title='bbox 1605 1038 1699 1088; x_wconf 87' lang='lat' dir='ltr'>ejus</span> <span class='ocrx_word' id='word_1_225' title='bbox 1721 1037 1780 1087; x_wconf 79' lang='lat'>(¹),</span> 
     </span>
     <span class='ocr_line' id='line_1_57' title="bbox 911 1102 1511 1153; baseline -0.002 -11"><span class='ocrx_word' id='word_1_226' title='bbox 911 1107 953 1142; x_wconf 88' lang='lat' dir='ltr'>et</span> <span class='ocrx_word' id='word_1_227' title='bbox 974 1102 1185 1142; x_wconf 85' lang='lat' dir='ltr'>habitatio</span> <span class='ocrx_word' id='word_1_228' title='bbox 1208 1102 1302 1153; x_wconf 83' lang='lat' dir='ltr'>ejus</span> <span class='ocrx_word' id='word_1_229' title='bbox 1324 1102 1370 1141; x_wconf 92' lang='lat' dir='ltr'>in</span> <span class='ocrx_word' id='word_1_230' title='bbox 1391 1103 1511 1148; x_wconf 84' lang='lat' dir='ltr'>Sion,</span> 
     </span>
    </p>
   </div>
   <div class='ocr_carea' id='block_1_10' title="bbox 859 1179 1982 1349">
    <p class='ocr_par' dir='ltr' id='par_1_21' title="bbox 859 1179 1982 1349">
     <span class='ocr_line' id='line_1_58' title="bbox 859 1179 1537 1229; baseline 0 -11"><span class='ocrx_word' id='word_1_231' title='bbox 859 1180 919 1219; x_wconf 84' lang='lat' dir='ltr'>lbi</span> <span class='ocrx_word' id='word_1_232' title='bbox 945 1179 1161 1229; x_wconf 75' lang='lat' dir='ltr'>confregit</span> <span class='ocrx_word' id='word_1_233' title='bbox 1184 1179 1371 1218; x_wconf 79' lang='lat' dir='ltr'>fulmina</span> <span class='ocrx_word' id='word_1_234' title='bbox 1394 1180 1537 1227; x_wconf 61' lang='lat' dir='ltr'>arctis,</span> 
     </span>
     <span class='ocr_line' id='line_1_59' title="bbox 911 1243 1982 1296; baseline -0.003 -11"><span class='ocrx_word' id='word_1_235' title='bbox 911 1250 1101 1291; x_wconf 77' lang='lat' dir='ltr'>scutum,</span> <span class='ocrx_word' id='word_1_236' title='bbox 1125 1244 1323 1296; x_wconf 77' lang='lat' dir='ltr'>gladium</span> <span class='ocrx_word' id='word_1_237' title='bbox 1347 1249 1387 1284; x_wconf 86' lang='lat' dir='ltr'>et</span> <span class='ocrx_word' id='word_1_238' title='bbox 1408 1243 1602 1285; x_wconf 87' lang='lat' dir='ltr'>bellum!</span> <span class='ocrx_word' id='word_1_239' title='bbox 1969 1281 1982 1293; x_wconf 47' lang='lat'>⁸</span> 
     </span>
     <span class='ocr_line' id='line_1_60' title="bbox 1801 1306 1937 1349; baseline -0.022 0"><span class='ocrx_word' id='word_1_240' title='bbox 1801 1306 1937 1349; x_wconf 73' lang='lat' dir='ltr'>Selah.</span> 
     </span>
    </p>
   </div>
   <div class='ocr_carea' id='block_1_11' title="bbox 1401 1400 1450 1438">
    <p class='ocr_par' dir='ltr' id='par_1_22' title="bbox 1401 1400 1450 1438">
     <span class='ocr_line' id='line_1_61' title="bbox 1401 1400 1450 1438; baseline 0 0"><span class='ocrx_word' id='word_1_241' title='bbox 1401 1400 1450 1438; x_wconf 94' lang='lat' dir='ltr'>Il.</span> 
     </span>
    </p>
   </div>
   <div class='ocr_carea' id='block_1_12' title="bbox 856 1505 2032 1621">
    <p class='ocr_par' dir='ltr' id='par_1_23' title="bbox 856 1505 2032 1621">
     <span class='ocr_line' id='line_1_62' title="bbox 856 1505 1992 1557; baseline -0.003 -11"><span class='ocrx_word' id='word_1_242' title='bbox 856 1507 1129 1557; x_wconf 86' lang='lat' dir='ltr'>Splendidus</span> <span class='ocrx_word' id='word_1_243' title='bbox 1170 1512 1214 1546; x_wconf 87' lang='lat' dir='ltr'>tu</span> <span class='ocrx_word' id='word_1_244' title='bbox 1258 1506 1593 1557; x_wconf 80' lang='lat' dir='ltr'>[es]‚gloriosus</span> <span class='ocrx_word' id='word_1_245' title='bbox 1628 1517 1732 1556; x_wconf 89' lang='lat' dir='ltr'>prae</span> <span class='ocrx_word' id='word_1_246' title='bbox 1767 1505 1992 1544; x_wconf 85' lang='lat' dir='ltr'>montibus</span> 
     </span>
     <span class='ocr_line' id='line_1_63' title="bbox 909 1565 2032 1621; baseline 0 -11"><span class='ocrx_word' id='word_1_247' title='bbox 909 1571 1142 1621; x_wconf 76' lang='lat' dir='ltr'>despoliati</span> <span class='ocrx_word' id='word_1_248' title='bbox 1166 1576 1269 1610; x_wconf 85' lang='lat' dir='ltr'>sunt</span> <span class='ocrx_word' id='word_1_249' title='bbox 1291 1572 1425 1611; x_wconf 78' lang='lat' dir='ltr'>fortes</span> <span class='ocrx_word' id='word_1_250' title='bbox 1441 1572 1587 1615; x_wconf 77' lang='lat' dir='ltr'>corde,</span> <span class='ocrx_word' id='word_1_251' title='bbox 1614 1565 1990 1621; x_wconf 76' lang='lat' dir='ltr'>[antiquitatis&#39;(²)‚</span> <span class='ocrx_word' id='word_1_252' title='bbox 2027 1590 2032 1594; x_wconf 87' lang='lat'>·</span> 
     </span>
    </p>
   </div>
   <div class='ocr_carea' id='block_1_13' title="bbox 857 1649 1991 1761">
    <p class='ocr_par' dir='ltr' id='par_1_24' title="bbox 857 1649 1991 1761">
     <span class='ocr_line' id='line_1_64' title="bbox 857 1649 1596 1689; baseline -0.001 -2"><span class='ocrx_word' id='word_1_253' title='bbox 857 1649 1216 1688; x_wconf 81' lang='lat' dir='ltr'>Dormitaverunt</span> <span class='ocrx_word' id='word_1_254' title='bbox 1238 1660 1444 1689; x_wconf 83' lang='lat' dir='ltr'>somnum</span> <span class='ocrx_word' id='word_1_255' title='bbox 1466 1660 1596 1687; x_wconf 86' lang='lat' dir='ltr'>suum</span> 
     </span>
     <span class='ocr_line' id='line_1_65' title="bbox 910 1711 1991 1761; baseline -0.003 -8"><span class='ocrx_word' id='word_1_256' title='bbox 910 1719 950 1754; x_wconf 87' lang='lat' dir='ltr'>et</span> <span class='ocrx_word' id='word_1_257' title='bbox 972 1726 1060 1754; x_wconf 87' lang='lat' dir='ltr'>non</span> <span class='ocrx_word' id='word_1_258' title='bbox 1084 1715 1367 1761; x_wconf 85' lang='lat' dir='ltr'>invenerunt,</span> <span class='ocrx_word' id='word_1_259' title='bbox 1391 1724 1544 1752; x_wconf 85' lang='lat' dir='ltr'>omnes</span> <span class='ocrx_word' id='word_1_260' title='bbox 1562 1712 1646 1752; x_wconf 91' lang='lat' dir='ltr'>viri</span> <span class='ocrx_word' id='word_1_261' title='bbox 1668 1711 1861 1759; x_wconf 86' lang='lat' dir='ltr'>virtutis,</span> <span class='ocrx_word' id='word_1_262' title='bbox 1904 1722 1991 1750; x_wconf 88' lang='lat' dir='ltr'>ma-</span> 
     </span>
    </p>
   </div>
   <div class='ocr_carea' id='block_1_14' title="bbox 855 1775 1984 1841">
    <p class='ocr_par' dir='ltr' id='par_1_25' title="bbox 855 1775 1984 1841">
     <span class='ocr_line' id='line_1_66' title="bbox 855 1775 1984 1841; baseline -0.003 -11"><span class='ocrx_word' id='word_1_263' title='bbox 855 1792 919 1830; x_wconf 88' lang='lat' dir='ltr'>Ab</span> <span class='ocrx_word' id='word_1_264' title='bbox 943 1791 1242 1841; x_wconf 83' lang='lat' dir='ltr'>increpatione</span> <span class='ocrx_word' id='word_1_265' title='bbox 1263 1796 1351 1837; x_wconf 84' lang='lat' dir='ltr'>tua,</span> <span class='ocrx_word' id='word_1_266' title='bbox 1375 1802 1398 1830; x_wconf 95' lang='lat' dir='ltr'>o</span> <span class='ocrx_word' id='word_1_267' title='bbox 1422 1791 1534 1829; x_wconf 87' lang='lat' dir='ltr'>Deus</span> <span class='ocrx_word' id='word_1_268' title='bbox 1550 1789 1701 1837; x_wconf 84' lang='lat' dir='ltr'>Jacob,</span> <span class='ocrx_word' id='word_1_269' title='bbox 1751 1775 1852 1828; x_wconf 76' lang='lat' dir='ltr'>[UUS</span> <span class='ocrx_word' id='word_1_270' title='bbox 1868 1787 1984 1821; x_wconf 85' lang='lat' dir='ltr'>suas,</span> 
     </span>
    </p>
   </div>
   <div class='ocr_carea' id='block_1_15' title="bbox 910 1853 1935 1969">
    <p class='ocr_par' dir='ltr' id='par_1_26' title="bbox 910 1853 1935 1969">
     <span class='ocr_line' id='line_1_67' title="bbox 910 1853 1829 1906; baseline -0.002 -11"><span class='ocrx_word' id='word_1_271' title='bbox 910 1856 1080 1906; x_wconf 77' lang='lat' dir='ltr'>sopitus</span> <span class='ocrx_word' id='word_1_272' title='bbox 1101 1861 1165 1896; x_wconf 83' lang='lat' dir='ltr'>est</span> <span class='ocrx_word' id='word_1_273' title='bbox 1186 1861 1226 1896; x_wconf 88' lang='lat' dir='ltr'>et</span> <span class='ocrx_word' id='word_1_274' title='bbox 1248 1868 1408 1896; x_wconf 71' lang='lat' dir='ltr'>currus</span> <span class='ocrx_word' id='word_1_275' title='bbox 1430 1859 1472 1894; x_wconf 90' lang='lat' dir='ltr'>et</span> <span class='ocrx_word' id='word_1_276' title='bbox 1493 1866 1633 1905; x_wconf 83' lang='lat' dir='ltr'>equus</span> <span class='ocrx_word' id='word_1_277' title='bbox 1653 1853 1659 1891; x_wconf 78' lang='lat' dir='ltr'>l</span> <span class='ocrx_word' id='word_1_278' title='bbox 1820 1883 1829 1889; x_wconf 86' lang='lat'><em>-</em></span> 
     </span>
     <span class='ocr_line' id='line_1_68' title="bbox 1767 1915 1935 1969; baseline 0 -12"><span class='ocrx_word' id='word_1_279' title='bbox 1767 1915 1935 1969; x_wconf 42' lang='lat' dir='ltr'>[selahi</span> 
     </span>
    </p>
   </div>
   <div class='ocr_carea' id='block_1_16' title="bbox 1388 2008 1458 2047">
    <p class='ocr_par' dir='ltr' id='par_1_27' title="bbox 1388 2008 1458 2047">
     <span class='ocr_line' id='line_1_69' title="bbox 1388 2008 1458 2047; baseline -0.014 0"><span class='ocrx_word' id='word_1_280' title='bbox 1388 2008 1458 2047; x_wconf 91' lang='lat' dir='ltr'>lll.</span> 
     </span>
    </p>
   </div>
   <div class='ocr_carea' id='block_1_17' title="bbox 856 2111 1988 2449">
    <p class='ocr_par' dir='ltr' id='par_1_28' title="bbox 856 2111 1988 2449">
     <span class='ocr_line' id='line_1_70' title="bbox 856 2111 1988 2166; baseline -0.003 -12"><span class='ocrx_word' id='word_1_281' title='bbox 856 2117 933 2163; x_wconf 83' lang='lat' dir='ltr'>Tu,</span> <span class='ocrx_word' id='word_1_282' title='bbox 958 2115 1171 2155; x_wconf 85' lang='lat' dir='ltr'>terribilis</span> <span class='ocrx_word' id='word_1_283' title='bbox 1194 2113 1270 2166; x_wconf 84' lang='lat' dir='ltr'>[es]</span> <span class='ocrx_word' id='word_1_284' title='bbox 1294 2119 1339 2154; x_wconf 86' lang='lat' dir='ltr'>tu</span> <span class='ocrx_word' id='word_1_285' title='bbox 1692 2111 1770 2163; x_wconf 81' lang='lat' dir='ltr'>[fit]</span> <span class='ocrx_word' id='word_1_286' title='bbox 1791 2112 1858 2152; x_wconf 84' lang='lat' dir='ltr'>ira</span> <span class='ocrx_word' id='word_1_287' title='bbox 1878 2117 1950 2152; x_wconf 87' lang='lat' dir='ltr'>tua</span> <span class='ocrx_word' id='word_1_288' title='bbox 1967 2112 1988 2151; x_wconf 71' lang='grc' dir='ltr'>ἵ)</span> 
     </span>
     <span class='ocr_line' id='line_1_71' title="bbox 910 2177 1988 2230; baseline -0.003 -11"><span class='ocrx_word' id='word_1_289' title='bbox 910 2186 950 2219; x_wconf 88' lang='lat' dir='ltr'>et</span> <span class='ocrx_word' id='word_1_290' title='bbox 971 2180 1072 2230; x_wconf 85' lang='lat' dir='ltr'>quis</span> <span class='ocrx_word' id='word_1_291' title='bbox 1094 2180 1226 2219; x_wconf 83' lang='lat' dir='ltr'>stabit</span> <span class='ocrx_word' id='word_1_292' title='bbox 1242 2184 1342 2219; x_wconf 87' lang='lat' dir='ltr'>ante</span> <span class='ocrx_word' id='word_1_293' title='bbox 1365 2179 1520 2218; x_wconf 77' lang='lat' dir='ltr'>faciem</span> <span class='ocrx_word' id='word_1_294' title='bbox 1538 2183 1657 2218; x_wconf 83' lang='lat' dir='ltr'>tuam</span> <span class='ocrx_word' id='word_1_295' title='bbox 1676 2189 1729 2217; x_wconf 83' lang='lat' dir='ltr'>ex</span> <span class='ocrx_word' id='word_1_296' title='bbox 1744 2182 1848 2217; x_wconf 89' lang='lat' dir='ltr'>tunc</span> <span class='ocrx_word' id='word_1_297' title='bbox 1871 2177 1988 2227; x_wconf 85' lang='lat' dir='ltr'>quod</span> 
     </span>
     <span class='ocr_line' id='line_1_72' title="bbox 856 2256 1665 2307; baseline -0.002 -11"><span class='ocrx_word' id='word_1_298' title='bbox 856 2258 915 2297; x_wconf 90' lang='lat' dir='ltr'>De</span> <span class='ocrx_word' id='word_1_299' title='bbox 937 2257 1070 2297; x_wconf 87' lang='lat' dir='ltr'>caelis</span> <span class='ocrx_word' id='word_1_300' title='bbox 1093 2257 1234 2296; x_wconf 77' lang='lat' dir='ltr'>iecisti</span> <span class='ocrx_word' id='word_1_301' title='bbox 1257 2257 1411 2296; x_wconf 83' lang='lat' dir='ltr'>audire</span> <span class='ocrx_word' id='word_1_302' title='bbox 1432 2256 1665 2307; x_wconf 82' lang='lat' dir='ltr'>judicium,</span> 
     </span>
     <span class='ocr_line' id='line_1_73' title="bbox 910 2322 1479 2372; baseline -0.002 -11"><span class='ocrx_word' id='word_1_303' title='bbox 910 2327 1021 2361; x_wconf 81' lang='lat' dir='ltr'>terra</span> <span class='ocrx_word' id='word_1_304' title='bbox 1046 2322 1195 2361; x_wconf 84' lang='lat' dir='ltr'>timuit</span> <span class='ocrx_word' id='word_1_305' title='bbox 1214 2326 1255 2361; x_wconf 87' lang='lat' dir='ltr'>et</span> <span class='ocrx_word' id='word_1_306' title='bbox 1276 2322 1458 2372; x_wconf 87' lang='lat' dir='ltr'>quievit,</span> <span class='ocrx_word' id='word_1_307' title='bbox 1476 2323 1479 2325; x_wconf 71' lang='grc'><strong><em>’</em></strong></span> 
     </span>
     <span class='ocr_line' id='line_1_74' title="bbox 858 2399 1704 2449; baseline -0.002 -11"><span class='ocrx_word' id='word_1_308' title='bbox 858 2399 904 2438; x_wconf 90' lang='lat' dir='ltr'>ln</span> <span class='ocrx_word' id='word_1_309' title='bbox 931 2400 1209 2449; x_wconf 78' lang='lat' dir='ltr'>exsurgendo</span> <span class='ocrx_word' id='word_1_310' title='bbox 1231 2400 1281 2438; x_wconf 81' lang='lat' dir='ltr'>ad</span> <span class='ocrx_word' id='word_1_311' title='bbox 1307 2399 1525 2449; x_wconf 85' lang='lat' dir='ltr'>judicium</span> <span class='ocrx_word' id='word_1_312' title='bbox 1550 2399 1704 2444; x_wconf 88' lang='lat' dir='ltr'>Deum,</span> 
     </span>
    </p>
   </div>
   <div class='ocr_carea' id='block_1_18' title="bbox 908 2464 1933 2566">
    <p class='ocr_par' dir='ltr' id='par_1_29' title="bbox 908 2464 1933 2566">
     <span class='ocr_line' id='line_1_75' title="bbox 908 2464 1811 2504; baseline -0.002 -1"><span class='ocrx_word' id='word_1_313' title='bbox 908 2465 962 2504; x_wconf 89' lang='lat' dir='ltr'>ad</span> <span class='ocrx_word' id='word_1_314' title='bbox 987 2465 1247 2504; x_wconf 83' lang='lat' dir='ltr'>salvandum</span> <span class='ocrx_word' id='word_1_315' title='bbox 1273 2475 1426 2503; x_wconf 86' lang='lat' dir='ltr'>omnes</span> <span class='ocrx_word' id='word_1_316' title='bbox 1449 2464 1633 2503; x_wconf 86' lang='lat' dir='ltr'>miseros</span> <span class='ocrx_word' id='word_1_317' title='bbox 1658 2465 1811 2502; x_wconf 85' lang='lat' dir='ltr'>terrae.</span> 
     </span>
     <span class='ocr_line' id='line_1_76' title="bbox 1800 2523 1933 2566; baseline -0.023 0"><span class='ocrx_word' id='word_1_318' title='bbox 1800 2523 1933 2566; x_wconf 80' lang='lat' dir='ltr'>Selah.</span> 
     </span>
    </p>
   </div>
   <div class='ocr_carea' id='block_1_19' title="bbox 1388 2623 1455 2664">
    <p class='ocr_par' dir='ltr' id='par_1_30' title="bbox 1388 2623 1455 2664">
     <span class='ocr_line' id='line_1_77' title="bbox 1388 2623 1455 2664; baseline 0 -1"><span class='ocrx_word' id='word_1_319' title='bbox 1388 2623 1455 2664; x_wconf 94' lang='lat' dir='ltr'>IV.</span> 
     </span>
    </p>
   </div>
   <div class='ocr_carea' id='block_1_20' title="bbox 857 2728 1985 3128">
    <p class='ocr_par' dir='ltr' id='par_1_31' title="bbox 857 2728 1681 2779">
     <span class='ocr_line' id='line_1_78' title="bbox 857 2728 1681 2779; baseline -0.001 -12"><span class='ocrx_word' id='word_1_320' title='bbox 857 2731 1070 2779; x_wconf 85' lang='lat' dir='ltr'>Quoniam</span> <span class='ocrx_word' id='word_1_321' title='bbox 1088 2731 1151 2770; x_wconf 89' lang='lat' dir='ltr'>ira</span> <span class='ocrx_word' id='word_1_322' title='bbox 1174 2729 1369 2768; x_wconf 89' lang='lat' dir='ltr'>hominis</span> <span class='ocrx_word' id='word_1_323' title='bbox 1387 2728 1604 2779; x_wconf 84' lang='lat' dir='ltr'>glorificat</span> <span class='ocrx_word' id='word_1_324' title='bbox 1626 2732 1681 2774; x_wconf 87' lang='lat' dir='ltr'>te,</span> 
     </span>
    </p>

    <p class='ocr_par' dir='ltr' id='par_1_32' title="bbox 860 2791 1775 2915">
     <span class='ocr_line' id='line_1_79' title="bbox 912 2791 1603 2843; baseline -0.006 -8"><span class='ocrx_word' id='word_1_325' title='bbox 912 2796 1139 2836; x_wconf 87' lang='lat' dir='ltr'>residuum</span> <span class='ocrx_word' id='word_1_326' title='bbox 1162 2795 1329 2834; x_wconf 88' lang='lat' dir='ltr'>irarum</span> <span class='ocrx_word' id='word_1_327' title='bbox 1354 2793 1495 2843; x_wconf 82' lang='lat' dir='ltr'>cingis</span> <span class='ocrx_word' id='word_1_328' title='bbox 1528 2791 1573 2842; x_wconf 84' lang='lat'>(³)</span> <span class='ocrx_word' id='word_1_329' title='bbox 1595 2791 1603 2831; x_wconf 68' lang='grc' dir='ltr'><strong>Σ</strong></span> 
     </span>
     <span class='ocr_line' id='line_1_80' title="bbox 860 2869 1775 2915; baseline -0.005 -4"><span class='ocrx_word' id='word_1_330' title='bbox 860 2873 1017 2911; x_wconf 82' lang='lat' dir='ltr'>Vovete</span> <span class='ocrx_word' id='word_1_331' title='bbox 1040 2877 1081 2911; x_wconf 86' lang='lat' dir='ltr'>et</span> <span class='ocrx_word' id='word_1_332' title='bbox 1102 2872 1272 2911; x_wconf 83' lang='lat' dir='ltr'>reddite</span> <span class='ocrx_word' id='word_1_333' title='bbox 1293 2870 1485 2909; x_wconf 84' lang='lat' dir='ltr'>Jehovae</span> <span class='ocrx_word' id='word_1_334' title='bbox 1509 2869 1594 2908; x_wconf 85' lang='lat' dir='ltr'>Deo</span> <span class='ocrx_word' id='word_1_335' title='bbox 1618 2872 1775 2915; x_wconf 84' lang='lat' dir='ltr'>vestro,</span> 
     </span>
    </p>

    <p class='ocr_par' dir='ltr' id='par_1_33' title="bbox 860 2931 1985 3064">
     <span class='ocr_line' id='line_1_81' title="bbox 913 2931 1985 2991; baseline -0.006 -15"><span class='ocrx_word' id='word_1_336' title='bbox 913 2949 1065 2976; x_wconf 82' lang='lat' dir='ltr'>omnes</span> <span class='ocrx_word' id='word_1_337' title='bbox 1088 2936 1221 2976; x_wconf 88' lang='lat' dir='ltr'>vicini</span> <span class='ocrx_word' id='word_1_338' title='bbox 1242 2936 1352 2986; x_wconf 79' lang='lat' dir='ltr'>eJus‚</span> <span class='ocrx_word' id='word_1_339' title='bbox 1376 2934 1559 2973; x_wconf 77' lang='lat' dir='ltr'>afferant</span> <span class='ocrx_word' id='word_1_340' title='bbox 1579 2934 1747 2972; x_wconf 88' lang='lat' dir='ltr'>donum</span> <span class='ocrx_word' id='word_1_341' title='bbox 1764 2931 1985 2991; x_wconf 78' lang='lat' dir='ltr'>Terribili,</span> 
     </span>
     <span class='ocr_line' id='line_1_82' title="bbox 860 3010 1737 3064; baseline -0.001 -15"><span class='ocrx_word' id='word_1_342' title='bbox 860 3012 972 3064; x_wconf 81' lang='lat' dir='ltr'>[Qui]</span> <span class='ocrx_word' id='word_1_343' title='bbox 992 3013 1212 3053; x_wconf 77' lang='lat' dir='ltr'>abscindit</span> <span class='ocrx_word' id='word_1_344' title='bbox 1235 3012 1439 3063; x_wconf 87' lang='lat' dir='ltr'>spiritum</span> <span class='ocrx_word' id='word_1_345' title='bbox 1468 3010 1737 3060; x_wconf 87' lang='lat' dir='ltr'>principum,</span> 
     </span>
    </p>

    <p class='ocr_par' dir='ltr' id='par_1_34' title="bbox 914 3074 1497 3128">
     <span class='ocr_line' id='line_1_83' title="bbox 914 3074 1497 3128; baseline -0.007 -11"><span class='ocrx_word' id='word_1_346' title='bbox 914 3078 1104 3117; x_wconf 81' lang='lat' dir='ltr'>terribili</span> <span class='ocrx_word' id='word_1_347' title='bbox 1127 3077 1305 3128; x_wconf 83' lang='lat' dir='ltr'>regibus</span> <span class='ocrx_word' id='word_1_348' title='bbox 1329 3081 1470 3115; x_wconf 83' lang='lat' dir='ltr'>terrae</span> <span class='ocrx_word' id='word_1_349' title='bbox 1489 3074 1497 3113; x_wconf 87' lang='lat'>!</span> 
     </span>
    </p>
   </div>
   <div class='ocr_carea' id='block_1_21' title="bbox 221 3193 1989 3282">
    <p class='ocr_par' dir='ltr' id='par_1_35' title="bbox 221 3193 1989 3282">
     <span class='ocr_line' id='line_1_84' title="bbox 282 3193 1989 3241; baseline -0.005 -8"><span class='ocrx_word' id='word_1_350' title='bbox 282 3204 324 3238; x_wconf 80' lang='lat'>(1)</span> <span class='ocrx_word' id='word_1_351' title='bbox 351 3203 436 3233; x_wconf 80' lang='lat' dir='ltr'>Nom</span> <span class='ocrx_word' id='word_1_352' title='bbox 465 3202 594 3241; x_wconf 77' lang='lat' dir='ltr'>ahi-ege</span> <span class='ocrx_word' id='word_1_353' title='bbox 623 3202 665 3231; x_wconf 83' lang='lat' dir='ltr'>de</span> <span class='ocrx_word' id='word_1_354' title='bbox 688 3200 900 3237; x_wconf 79' lang='lat' dir='ltr'>Jerusalem,</span> <span class='ocrx_word' id='word_1_355' title='bbox 931 3199 1083 3229; x_wconf 71' lang='lat' dir='ltr'>allusion</span> <span class='ocrx_word' id='word_1_356' title='bbox 1118 3202 1134 3229; x_wconf 76' lang='lat' dir='ltr'>a</span> <span class='ocrx_word' id='word_1_357' title='bbox 1172 3199 1317 3237; x_wconf 88' lang='lat' dir='ltr'>Genese,</span> <span class='ocrx_word' id='word_1_358' title='bbox 1340 3197 1427 3233; x_wconf 88' lang='lat' dir='ltr'>XIV,</span> <span class='ocrx_word' id='word_1_359' title='bbox 1468 3196 1579 3233; x_wconf 76' lang='grc'>18-20,</span> <span class='ocrx_word' id='word_1_360' title='bbox 1616 3197 1660 3226; x_wconf 77' lang='grc' dir='ltr'>οὺ</span> <span class='ocrx_word' id='word_1_361' title='bbox 1687 3195 1710 3226; x_wconf 87' lang='lat' dir='ltr'>il</span> <span class='ocrx_word' id='word_1_362' title='bbox 1735 3197 1790 3226; x_wconf 85' lang='lat' dir='ltr'>est</span> <span class='ocrx_word' id='word_1_363' title='bbox 1816 3193 1915 3234; x_wconf 74' lang='lat' dir='ltr'>parle</span> <span class='ocrx_word' id='word_1_364' title='bbox 1946 3193 1989 3224; x_wconf 85' lang='lat' dir='ltr'>de</span> 
     </span>
     <span class='ocr_line' id='line_1_85' title="bbox 221 3241 1191 3282; baseline -0.003 -8"><span class='ocrx_word' id='word_1_365' title='bbox 221 3244 463 3282; x_wconf 77' lang='lat' dir='ltr'>Melchisedec,</span> <span class='ocrx_word' id='word_1_366' title='bbox 489 3243 540 3273; x_wconf 85' lang='lat' dir='ltr'>roi</span> <span class='ocrx_word' id='word_1_367' title='bbox 564 3243 607 3272; x_wconf 84' lang='lat' dir='ltr'>‹le</span> <span class='ocrx_word' id='word_1_368' title='bbox 627 3242 756 3272; x_wconf 79' lang='lat' dir='ltr'>Salem.</span> <span class='ocrx_word' id='word_1_369' title='bbox 780 3242 897 3280; x_wconf 70' lang='lat' dir='ltr'>preire</span> <span class='ocrx_word' id='word_1_370' title='bbox 917 3241 962 3271; x_wconf 82' lang='lat' dir='ltr'>du</span> <span class='ocrx_word' id='word_1_371' title='bbox 985 3241 1191 3271; x_wconf 85' lang='lat' dir='ltr'>Tres-Haut.</span> 
     </span>
    </p>
   </div>
  </div>
 </body>
</html>
