2243 3568
1035 192 1251 232 -10-

1684 317 1917 361 PSAUME
1950 317 2022 360 IV.

340 450 510 486 Psaume
528 442 741 484 semblable
768 455 822 483 au
847 443 1086 496 pre'ce'dent:
1110 443 1317 496 constance
1341 456 1391 483 en
1424 442 1597 493 Yahveh,
1627 445 1826 497 exprime'e
1857 451 2028 486 souvent

259 512 362 550 dans
381 509 434 550 les
457 511 598 549 memes
618 515 776 558 termes,
811 516 832 547 v
851 510 878 549 5
897 514 934 548 el
955 509 1003 558 23
1025 510 1048 549 6
1068 513 1106 548 et
1135 510 1171 549 9.
1201 513 1257 548 La
1286 509 1485 563 me'trique
1505 516 1542 550 et
1563 509 1602 550 la
1619 509 1860 564 strophique
1884 523 1908 565 y
1936 517 2030 551 sont

259 572 698 627 cepemlautbeaztcoap
713 575 845 612 'moins
864 571 1097 624 re'qulieres.
1120 596 1171 601 —
1209 572 1327 612 Trois
1356 572 1540 625 strophas·
1567 573 1760 627 ine'qalvs,
1789 572 1945 615 Yahveh
1973 581 2031 616 est

342 712 408 751 IV.
444 733 490 738 ——
516 711 549 749 1.
594 711 638 749 IN
678 720 819 757 FINEM,

263 776 303 804 m
331 774 600 812 mammem,
637 773 824 802 PSALMUS

265 819 412 857 DAvm.

311 940 344 975 2.
376 940 469 975 Cum
499 940 825 978 invocare1n,ex-

264 993 415 1028 audivit
443 1003 502 1028 me
526 994 626 1028 Deus
658 991 825 1039 justitife

266 1055 391 1089 meze3
430 1045 450 1065 ³¹⁶
487 1046 523 1081 in
573 1047 828 1082 tribulatione

266 1099 440 1134 dilatasti
493 1100 601 1135 mihi.
644 1100 829 1135 Miserere

269 1152 355 1193 mei,
388 1152 408 1172 *
438 1155 475 1188 et
508 1153 648 1189 exaudi
683 1153 828 1189 oratio-

272 1215 357 1240 nem
379 1215 516 1241 meam.

313 1264 345 1299 3.
364 1264 447 1298 Filii
469 1265 668 1300 hominum
690 1275 830 1310 usque-

269 1328 344 1362 quo
379 1317 489 1363 gravi
526 1319 641 1354 corde
678 1316 697 1353 ·?
732 1318 745 1331 ἢ
786 1321 828 1353 ut

267 1370 360 1415 quid
395 1370 564 1416 diligitis
600 1372 826 1415 vanitatem,

268 1426 303 1457 et
335 1424 515 1468 quaeritis
550 1423 830 1460 mendacium?

314 1482 346 1517 4.
388 1483 429 1517 Et
468 1484 606 1519 scitote
644 1485 826 1529 quoniam

270 1535 493 1571 mirificavit
509 1537 695 1572 Dominus
715 1548 828 1573 sanc-

271 1591 349 1623 tum
400 1600 541 1632 sunm;
583 1589 596 1601 ᾖ
642 1591 828 1626 Dominus

269 1642 449 1677 exaudiet
473 1653 531 1678 me
561 1654 647 1678 cum
685 1644 828 1679 clama-

269 1705 359 1729 vero
379 1696 426 1730 ad
442 1706 543 1732 cum.

316 1754 348 1789 Ξῖ.
376 1755 608 1792 lrascimini.
650 1760 684 1791 ct
709 1757 829 1793 nolite

270 1818 428 1852 peccare
449 1819 456 1849 ;
481 1809 500 1826 ³*
519 1819 604 1853 quan
635 1810 768 1845 dicitis
791 1810 829 1844 in

269 1860 453 1896 cordibus
483 1862 639 1903 vestris,
663 1863 699 1897 in
725 1863 829 1897 cubi-

272 1913 374 1949 libus
424 1915 567 1950 vestris
600 1916 831 1961 compungi-

273 1976 382 2001 mini.

317 2026 350 2060 6.
404 2025 629 2061 Sacrilicate
680 2027 832 2061 sacriti-

271 2078 372 2112 cium
401 2077 582 2123 justitiae,
615 2082 652 2114 et
680 2083 833 2124 sperate

274 2131 310 2166 in
355 2131 538 2174 Domino;
572 2133 590 2151 ³¹·
622 2133 735 2168 inulti
772 2134 832 2169 di-

271 2188 392 2220 cunt:
417 2184 510 2228 Quis
525 2186 699 2221 ostendit
721 2187 833 2223 nobis

272 2235 400 2273 bona?

319 2297 351 2331 7.
375 2297 581 2342 Signatum
617 2301 675 2333 est
715 2310 832 2344 super

273 2360 342 2385 nos
391 2350 520 2385 lumen
575 2351 709 2387 vultus
762 2352 831 2395 tui,

280 2403 463 2445 licinine3
496 2404 514 2423 *
550 2404 692 2440 dedisti
731 2406 833 2441 lzrti-

277 2456 366 2490 tiam
388 2456 424 2489 in
439 2457 553 2491 corde
575 2467 670 2492 mco.

318 2519 352 2549 ὅ.
397 2515 424 2548 Α
461 2515 588 2551 fructu
628 2518 829 2561 frumenti,

275 2568 368 2610 vini,
393 2572 429 2604 et
458 2569 619 2609 olcisni,
651 2571 670 2590 *
698 2571 834 2606 inulti-

275 2621 405 2665 plicati
426 2625 532 2657 sunt.

320 2680 353 2715 9.
380 2681 419 2714 ln
446 2692 536 2725 pace
564 2681 599 2715 in
625 2682 793 2727 idipsum
816 2683 836 2702 *

273 2733 462 2768 (loriniani
497 2737 530 2768 ot
568 2735 833 2780 requiescam3

326 2791 376 2827 10,
420 2793 605 2835 Quoniam
665 2797 718 2836 tu,
762 2795 835 2830 Do-

275 2845 390 2886 mine,
405 2845 662 2889 singulariter
676 2847 712 2881 in
730 2848 835 2892 spe?

275 2898 516 2933 constituisti
550 2909 621 2934 me.

952 708 1277 749 PRAECENTbm:
1313 721 1398 749 CUM
1430 721 1594 750 FlDlBUS
1624 722 1812 751 PSALMUS
1843 712 1978 751 DAVID

1456 834 1471 872 I

901 947 948 985 In
968 947 1198 986 clamando
1216 958 1299 994 me,
1324 947 1592 993 exaudime,

955 1019 1062 1058 deus
1078 1017 1274 1069 justitiae
1290 1028 1412 1057 meae
1437 1015 1505 1069 [ou
1529 1017 1589 1056 mi
1608 1018 1722 1068 juste
1737 1015 1879 1068 deus],

906 1098 1017 1150 [Qui]
1041 1099 1086 1139 in
1109 1099 1395 1139 tribulatione
1418 1099 1575 1139 dilatas
1597 1099 1720 1148 mihi,

957 1171 1168 1211 miserere
1190 1171 1277 1210 mei
1301 1176 1341 1211 et
1362 1171 1521 1212 exaudi
1547 1170 1641 1210 me!
1766 1167 1881 1210 Selah
1917 1170 1977 1221 (¹).

1460 1348 1497 1387 Ι[
1529 1356 1533 1359 “

1642 1399 1876 1452 [temptum
1902 1399 2032 1453 [erit],

904 1471 1000 1510 Filii
1031 1463 1277 1521 hominum,
1312 1483 1544 1524 usquequo
1573 1472 1711 1523 gloria
1743 1483 1839 1512 mea
1870 1471 1915 1511 in
1937 1482 2034 1511 con-

936 1542 1150 1593 diligetis
1168 1542 1400 1582 vanitatem
1420 1547 1461 1582 et
1482 1542 1703 1594 quaeretis
1727 1542 2035 1583 mendacium?

902 1625 1074 1674 Contra,
1107 1611 1271 1666 discite
1295 1627 1411 1677 quod
1453 1627 1660 1667 discrevit
1699 1626 1864 1666 Jehova
1909 1626 2032 1677 pium

1831 1695 1951 1750 [erga
1971 1708 2032 1745 se,

959 1767 1033 1819 [et]
1055 1769 1217 1808 Jehova
1253 1769 1431 1808 exaudit
1459 1769 1504 1807 in
1544 1769 1776 1808 clamando
1806 1780 1876 1808 me
1896 1769 1950 1808 ad
1973 1768 2033 1820 ip-

908 1850 1052 1903 [Ergo]
1067 1852 1408 1895 contremiscite,
1427 1855 1467 1891 et
1479 1862 1532 1890 ne
1547 1851 1735 1902 peccetis
1750 1850 1817 1901 (²);
1898 1838 2032 1891 [sum:

961 1923 1238 1962 meditamini
1262 1923 1306 1961 in
1329 1922 1535 1961 cordibus
1559 1921 1728 1970 vestris,
1756 1933 1890 1973 super
1913 1921 2035 1962 cubi-

1114 1978 1119 1984 *
1304 1993 1377 2042 [lia
1403 1997 1544 2032 vestra
1568 1997 1609 2032 et
1630 1991 1819 2033 cessate!
1847 1989 1979 2032 selah.

1415 2169 1469 2208 111

909 2292 1158 2332 sacrificate
1180 2292 1393 2332 sacrificia
1415 2293 1610 2344 justitiae
1625 2294 1693 2342 [ou
1720 2293 1851 2342 recta]

963 2368 1155 2414 tuncque
1179 2369 1349 2414 sperate
1370 2364 1416 2402 in
1431 2362 1616 2403 Jehova!

911 2446 1034 2486 Multi
1053 2446 1229 2486 dicunt:
1254 2458 1270 2482 (ι
1287 2445 1391 2494 Quis
1414 2446 1544 2486 faciet
1564 2446 1743 2485 nosfrui
1765 2446 1973 2487 felicitate
1989 2447 2034 2486 5²»

962 2518 1028 2557 fac
1052 2515 1256 2569 [tantum]
1292 2516 1397 2556 oriri
1435 2528 1567 2567 super
1591 2528 1670 2557 nos
1706 2516 1858 2557 lumen
1888 2517 2036 2558 vultus

1676 2587 1770 2637 [tui‚
1794 2588 1818 2627 ὁ
1839 2587 2032 2628 Jehoval

913 2671 999 2720 [Sic
1016 2671 1150 2719 enim]
1173 2671 1248 2710 das
1273 2670 1483 2710 laetitiam
1507 2669 1552 2708 in
1568 2670 1698 2709 corde
1728 2681 1823 2710 meo

963 2741 1061 2791 plus
1083 2752 1215 2791 quam
1239 2746 1435 2791 tempore
1451 2740 1570 2790 [quo]
1588 2738 1858 2779 trumentum
1883 2751 2036 2781 eorum

1354 2812 1409 2860 [et
1427 2811 1581 2850 vinum
1602 2821 1754 2850 eorum
1780 2811 2009 2851 abundant
2026 2826 2034 2862 3

910 2894 956 2932 In
979 2905 1082 2944 pace
1104 2893 1318 2933 decumbo
1340 2893 1577 2943 statimque
1597 2893 1768 2933 dormio

963 2964 1066 3015 quia
1089 2969 1152 3012 tu,
1178 2976 1201 3004 ο
1219 2964 1396 3012 Jehova‚
1423 2963 1554 3003 etiam
1572 2964 1708 3010 solus,
1728 2963 1773 3002 in
1795 2975 1900 3014 pace
1919 2963 2041 3004 habi-

1699 3033 1806 3085 [tare
1830 3046 1898 3074 me
1915 3034 2035 3076 tacis.

340 3173 380 3206 (l)
405 3172 502 3203 Cvtto
522 3173 722 3204 indication.
745 3175 786 3203 ici
808 3183 943 3205 comme
964 3184 1005 3205 en
1025 3176 1103 3206 bien
1124 3176 1280 3206 d'autrcs
1300 3175 1468 3213 endroits,
1488 3184 1505 3205 a
1525 3176 1580 3206 ete
1595 3174 1738 3214 deplace
1752 3174 1834 3205 d'un
1852 3183 1934 3206 vers
1948 3175 2035 3206 dans

279 3213 328 3243 les
352 3215 566 3244 manuscrits
589 3213 762 3252 hclireux,
781 3216 823 3245 ou
839 3224 881 3245 on
907 3215 936 3245 la
963 3218 1088 3247 trouve
1108 3218 1213 3254 apres
1231 3228 1236 3246 ;
1263 3215 1293 3247 le
1314 3223 1518 3254 ηιεηεοηῃε.

340 3254 383 3291 42)
410 3254 475 3285 Lvs
505 3254 587 3285 Lxx
619 3257 652 3286 ct
674 3255 703 3285 la
739 3255 896 3295 Vulgate,
927 3257 1139 3288 s'adressant
1172 3266 1241 3288 aux
1275 3257 1441 3297 revoltes,
1472 3257 1647 3288 semblent
1669 3256 1769 3289 dire:
1794 3257 2035 3298 Irritez-vous,
