2243 3568
231 326 454 362 testimonia
486 328 564 364 tua,
597 325 614 343 ᾖ
648 328 685 359 et
713 335 789 359 non

230 374 268 409 in
291 373 510 409 avaritiam.

275 422 332 456 37.
356 421 500 454 Averte
526 419 659 454 oculos
687 428 793 453 meos

229 479 276 503 ne
310 468 468 502 videant
505 466 747 501 vanitatem:
775 466 793 485 *ἶ

230 515 268 550 in
291 514 351 549 via
372 517 437 548 tua
458 513 614 548 vivifica
636 522 708 548 me.

274 562 331 596 38.
352 561 489 596 Statue
505 571 619 595 servo
636 563 702 595 tuo
718 559 791 594 elo-

227 609 362 654 quium
387 611 510 646 tuum,
541 608 559 626 *
585 607 623 642 in
654 607 794 642 timore

229 660 308 692 tuo.

274 703 332 738 39.
353 704 522 748 Amputa
537 701 791 746 opprobrium

228 760 370 791 meum,
417 749 521 795 quod
566 748 793 794 suspicatus

227 808 313 833 sum
337 809 343 832 :
370 797 388 815 ᾖ
424 797 515 842 quia
545 794 692 841 judicia
728 799 793 831 tua

226 843 413 890 jucunda.
454 866 461 871 -

275 892 331 926 40.
353 892 446 926 Ecce
461 890 667 936 concupivi
688 901 791 925 man-

227 940 315 975 data
354 942 448 974 tua:
482 938 500 956 ἢ*
535 938 573 972 in
604 938 793 983 {equitate

230 990 294 1022 tua
317 986 472 1021 vivitica
495 996 568 1020 me.

276 1046 371 1081 VAv.
392 1045 448 1080 41.
465 1044 654 1080 Etveniat
675 1055 793 1089 super

229 1103 288 1128 me
318 1092 588 1128 misericordia
614 1095 691 1131 tua,
728 1093 791 1126 1)οή

229 1141 333 1175 mine
356 1152 363 1175 ε
407 1140 424 1158 ss
467 1139 641 1175 salutare
682 1142 792 1174 tuum

228 1188 444 1223 secundum
455 1187 653 1232 eloquium
666 1189 790 1221 tuum.

276 1233 334 1270 42.
346 1235 389 1269 Et
400 1234 644 1279 respondebo
657 1244 790 1279 expro-

229 1282 439 1317 brantibus
457 1281 552 1315 mihi
572 1281 734 1316 verbum
751 1293 757 1316 :
773 1280 793 1299 *

228 1330 318 1374 quia
345 1329 500 1374 speravi
532 1329 571 1363 in
603 1328 791 1363 sermoni-

229 1377 302 1412 bus
320 1376 412 1411 tuis.

275 1425 330 1459 43.
353 1424 398 1458 Et
420 1434 467 1458 ne
488 1423 644 1458 auteras
665 1423 713 1458 de
727 1433 794 1458 ore

229 1482 313 1506 meo
335 1471 496 1506 verbum
520 1470 702 1505 veritatis
731 1481 791 1505 us-

228 1528 482 1564 quequaque:
508 1518 526 1536 *
554 1517 645 1563 quia
668 1518 706 1551 in
734 1515 790 1562 ju-

227 1566 342 1602 diciis
366 1565 445 1600 tuis
468 1565 757 1610 supersperavi.

276 1614 333 1648 44.
358 1613 403 1647 Et
424 1612 644 1648 custodiam
667 1612 791 1657 legem

230 1663 335 1695 tuam
364 1670 530 1704 semper.
559 1660 576 1678 ³*
602 1660 641 1694 in
672 1670 791 1694 seecu-

230 1708 309 1742 lum
324 1710 361 1742 et
378 1707 415 1741 in
433 1707 622 1742 saeculum
640 1707 791 1742 saeeuli.

277 1755 333 1790 45.
356 1755 400 1789 Et
418 1754 666 1789 ambulabam
684 1754 723 1788 in
743 1754 791 1789 la-

232 1802 402 1837 titudine
421 1813 426 1835 :
452 1802 469 1819 *
491 1802 582 1846 quia
611 1801 793 1837 mandata

232 1852 297 1884 tua
322 1848 532 1893 exquisivi.

277 1896 334 1931 46.
356 1896 401 1930 Et
416 1896 603 1940 loquebar
626 1896 664 1930 in
686 1896 793 1930 testi-

231 1943 375 1978 moniis
407 1943 486 1977 tuis
514 1943 553 1977 in
581 1946 793 1987 conspectu

231 2001 367 2036 regum
389 2002 395 2025 :
418 1991 437 2008 ’ἕ
461 1993 499 2024 et
526 2000 603 2024 non
632 1990 792 2024 confun*

229 2038 362 2073 debar.

278 2085 338 2120 47.
392 2085 436 2119 Et
482 2084 699 2120 meditabar
747 2084 792 2118 in

232 2132 428 2167 mandatis
460 2132 552 2170 tuis,
585 2132 603 2150 ἦ*
627 2142 713 2176 qua}
734 2131 794 2166 di-

232 2179 327 2214 lexi.

279 2226 339 2261 48.
388 2226 432 2260 Et
480 2225 605 2261 levavi
655 2236 795 2260 manus

232 2283 337 2308 meas
381 2273 429 2308 ad
474 2273 656 2308 mandata
703 2275 792 2310 tua,

232 2331 318 2366 quae
334 2320 455 2356 dilexi
471 2330 477 2353 :
492 2320 506 2333 ²*
518 2323 556 2355 et
586 2320 796 2355 exercebar

233 2368 271 2403 in
304 2365 660 2413 justificationibus
701 2368 794 2403 tuis.

278 2427 388 2461 ZA'iN.
428 2426 489 2461 49.
530 2427 677 2461 Memor
713 2429 797 2461 esto

232 2473 340 2509 verbi
374 2473 427 2508 tui
462 2483 575 2508 servo
599 2476 677 2514 tuo,
712 2474 730 2492 ³*
757 2473 795 2508 in

232 2532 307 2566 quo
330 2520 422 2555 mihi
445 2531 551 2566 spem
574 2521 732 2556 dedisti.

279 2569 336 2603 350.
377 2568 466 2603 Haec
501 2579 561 2603 me
596 2568 797 2603 consolata

234 2619 293 2650 est
322 2616 360 2649 in
389 2615 613 2649 humililate
642 2625 752 2650 mea:
779 2616 796 2633 ἢ*

234 2663 321 2707 quia
346 2662 543 2706 eloquium
567 2666 676 2697 tuum
697 2663 796 2697 vivi-

234 2710 366 2744 ticavit
394 2720 465 2744 me.

279 2757 336 2791 531.
357 2756 523 2801 Superbi
552 2756 685 2801 inique
711 2766 795 2802 age-

235 2804 329 2838 bant
374 2814 666 2848 usquequaque,
711 2804 729 2822 δὲ
777 2814 797 2839 a

235 2850 319 2895 lege
340 2853 468 2885 autem
491 2853 554 2885 tua
579 2861 654 2885 non
677 2851 798 2886 decli-

236 2908 339 2932 navi.

281 2944 338 2979 52
372 2944 518 2978 Memor
551 2944 603 2977 [ui
635 2942 797 2989 judicio-

236 3002 321 3025 rum
340 2994 494 3025 tuorum
511 3000 531 3024 a
554 2991 711 3031 samnio,
733 2992 796 3025 Ι)ο-

235 3038 358 3072 mine:
374 3037 391 3055 *
408 3038 682 3072 etconsolatus
696 3048 796 3073 sum.

282 3086 339 3119 53.
364 3084 532 3119 Deiectio
556 3085 682 3119 lenuit
703 3086 798 3120 mei*

239 3142 306 3176 pro
330 3130 599 3175 peccatoribus
627 3131 798 3166 derelin-

235 3178 450 3223 quentibus
478 3178 600 3222 legem
632 3181 749 3213 tuam.

993 196 1231 240 —340—

945 326 1103 365 Averte
1125 327 1274 366 oculos
1297 338 1416 366 meos
1442 329 1494 367 de
1516 329 1706 368 videndo
1743 329 1998 377 vanitatem,

999 396 1045 435 in
1068 396 1137 436 via
1158 402 1230 437 tua
1255 397 1426 438 vivifica
1451 410 1547 447 me;

948 474 1100 514 Statue
1122 486 1248 514 servo
1271 480 1344 514 tuo
1365 476 1550 515 verbum
1573 481 1697 516 tuum

1000 547 1116 596 quod
1139 548 1191 586 ad
1216 547 1418 586 timorem
1443 552 1568 586 tuum
1591 547 1662 597 (¹);

946 623 1104 663 Averte
1126 623 1413 674 opprobrium
1441 635 1589 663 meum
1625 626 1740 676 quod
1759 625 2001 666 reformido

1000 692 1102 742 quia
1124 692 1288 744 judicia
1308 697 1378 732 tua
1403 693 1514 732 bona
1538 693 1671 746 [sunt]
1699 708 1708 742 ;

948 769 1054 809 Ecce
1075 770 1293 820 concupio
1315 782 1468 809 versus
1491 771 1694 810 mandata
1719 775 1806 818 tua,

1002 841 1047 879 in
1068 840 1237 891 justitia
1259 845 1331 880 tua
1355 841 1527 881 vivifica
1551 853 1621 881 me
1646 840 1653 880 !

948 1036 998 1075 Et
1016 1036 1193 1076 veniant
1210 1036 1318 1075 mihi
1343 1037 1674 1077 misericordiae
1690 1042 1803 1085 tuae,
1820 1037 1999 1086 Jehova,

1002 1104 1074 1153 [et]
1092 1102 1210 1140 salus
1239 1106 1309 1141 tua
1328 1103 1572 1142 secundum
1590 1113 1839 1142 sermonem
1858 1107 2000 1151 tuum;

948 1178 996 1217 Et
1018 1179 1292 1228 respondebo
1315 1179 1598 1229 exprobranti
1621 1179 1730 1218 mihi
1754 1179 1934 1218 verbum

1000 1244 1114 1294 quod
1140 1255 1268 1294 spero
1290 1244 1335 1283 in
1359 1244 1491 1284 verbo
1516 1249 1616 1292 tu0;

948 1320 998 1359 Et
1016 1332 1071 1360 ne
1092 1321 1266 1360 auferas
1288 1322 1340 1361 de
1371 1333 1444 1361 ore
1468 1333 1565 1362 meo
1596 1322 1779 1361 verbum
1803 1321 2003 1361 veritatis

1638 1388 1797 1437 [usque
1814 1387 2004 1426 multum
2032 1380 2035 1381 ⁷

1002 1451 1106 1501 quia
1121 1451 1287 1502 judicia
1309 1456 1382 1491 tua
1405 1457 1611 1502 exspecto
1630 1467 1637 1498 ;

949 1516 999 1555 Et
1020 1517 1265 1555 custodiam
1290 1517 1429 1567 legem
1455 1522 1572 1556 tuam
1599 1528 1774 1568 semper

1001 1580 1048 1619 in
1068 1582 1293 1621 saeculum
1318 1587 1359 1621 et
1382 1587 1620 1633 perpetum

948 1659 1194 1699 Etambulo
1211 1659 1257 1698 in
1282 1659 1515 1698 latitudine

1001 1724 1105 1775 quia
1123 1725 1329 1763 mandata
1347 1729 1418 1763 tua
1441 1736 1632 1775 quaero:

950 1801 999 1841 Et
1014 1801 1173 1851 loquor
1192 1801 1236 1840 in
1259 1801 1526 1841 testimoniis
1551 1801 1639 1840 tuis
1662 1813 1807 1841 coram
1828 1801 2007 1853 regibus

1003 1870 1042 1905 et
1060 1877 1147 1905 non
1170 1866 1434 1914 confundor,

950 1943 999 1982 Et
1021 1943 1215 1982 delector
1237 1942 1280 1981 in
1307 1943 1526 1982 mandatis
1543 1943 1630 1982 tuis

1003 2018 1115 2058 quae
1130 2007 1282 2057 diligo,

950 2085 998 2124 Et
1022 2085 1118 2124 levo
1141 2096 1298 2122 manus
1314 2095 1433 2123 meas
1448 2085 1499 2123 ad
1526 2085 1731 2124 mandata
1747 2089 1819 2124 tua

1004 2148 1133 2200 [quae
1155 2148 1305 2199 diligo]

1002 2219 1042 2253 et
1065 2213 1253 2253 meditor
1276 2213 1323 2251 in
1342 2213 1514 2264 legibus
1537 2213 1624 2253 tuis
1640 2213 1706 2263 (²).

956 2432 1174 2471 Memento
1196 2431 1316 2471 verbi
1341 2431 1403 2471 tui
1429 2443 1554 2471 servo
1576 2436 1650 2471 tuo

1006 2509 1140 2548 super
1161 2497 1275 2548 quod
1301 2496 1441 2536 fecisti
1468 2508 1536 2536 me
1559 2508 1764 2547 sperare;
1792 2551 1801 2557 ι

953 2569 1039 2608 Hoc
1061 2566 1158 2619 [est]
1182 2568 1389 2607 solatium
1416 2579 1561 2607 meum
1585 2567 1630 2606 in
1649 2567 1828 2607 miseria
1852 2577 1958 2616 mea,

1005 2634 1108 2684 quia
1129 2645 1273 2673 sermo
1292 2639 1392 2673 tuus
1415 2633 1606 2672 viviticat
1627 2644 1722 2681 me;

953 2705 1143 2754 Superbi
1161 2705 1353 2744 irrident
1369 2704 1476 2742 milii
1497 2714 1636 2754 usque
1655 2703 1846 2742 multum

1008 2768 1117 2820 [sed]
1135 2781 1158 2809 a
1180 2770 1274 2819 lege
1296 2774 1370 2809 tua
1388 2780 1477 2808 non
1493 2768 1666 2808 declino
1685 2779 1693 2813 ;

954 2841 1176 2880 Recordor
1204 2840 1367 2891 judicia
1393 2844 1465 2879 tua
1486 2839 1614 2890 [quae
1634 2837 1752 2889 sunt]
1770 2850 1792 2878 a
1812 2839 2002 2886 saeculo,

1006 2917 1030 2944 o
1051 2905 1229 2952 Jehova‚
1249 2910 1290 2944 et
1306 2905 1510 2944 consolor
1529 2916 1536 2947 ;

955 2976 1021 3014 Ira
1037 2976 1167 3015 habet
1189 2976 1258 3015 m‘e
1278 2980 1456 3026 propter
1471 2974 1649 3025 iniquos

1008 3040 1367 3090 derelinquentes
1390 3039 1527 3088 legem
1547 3043 1664 3077 tuam
1686 3052 1694 3086 3

955 3112 1116 3149 Cantus
1135 3116 1237 3149 sunt
1259 3110 1367 3148 mihi
1392 3110 1508 3160 leges
1527 3114 1639 3153 tuae,

1007 3175 1053 3213 in
1075 3176 1206 3214 domo
1230 3174 1634 3225 peregrinationum
1653 3184 1848 3212 mearum
1868 3186 1876 3219 ;

300 3284 343 3320 (1)
367 3284 416 3314 011
435 3284 514 3314 bien
532 3291 616 3314 avec
642 3291 708 3313 une
730 3283 845 3322 legere
872 3285 1093 3315 correction:
1125 3292 1193 3323 que
1227 3286 1267 3315 tu
1291 3291 1332 3315 as
1352 3284 1445 3324 saiw
1472 3291 1569 3324 pour
1592 3291 1681 3315 ceux
1701 3285 1765 3323 qui
1783 3283 2005 3324 l'honorenl,

237 3325 334 3363 quod
355 3324 419 3354 tz'm
426 3322 568 3354 entibus
593 3325 639 3354 te.
