2243 3568
298 326 332 361 2.
367 325 438 368 Qui
474 324 590 360 statis
627 324 665 358 in
698 324 812 359 domo

255 373 421 412 Domini,
439 372 457 390 ³*
480 372 518 406 in
539 371 654 406 atriis
672 371 812 406 domus

256 420 320 455 Dei
339 418 479 454 nostri.

298 467 332 501 3.
374 465 543 501 Laudate
588 464 810 507 Dominum,

252 514 341 559 quia
396 513 522 547 bonus
581 512 770 547 Dominus
802 523 810 554 ς

252 562 269 579 ³*
311 560 467 605 psallite
513 559 661 594 nomini
711 557 810 604 ejus,

252 607 434 652 quoniam
457 617 589 641 suave.

303 656 331 689 2.
350 654 537 697 Quoniam
556 653 675 689 Jacob
694 653 812 698 elegit

251 702 325 737 sibi
348 701 560 736 Dominus:
588 700 606 719 *²
629 700 749 735 lsrael
773 700 811 734 in

251 748 537 794 possessionem
560 748 650 783 sibi.

295 797 329 831 ὃ.
381 795 475 838 Quia
526 806 596 840 ego
647 794 811 839 cognovi

250 843 352 888 quod
385 852 553 887 magnus
587 845 646 877 est
683 842 812 876 Domi—

252 900 339 926 nus.
357 891 377 908 ⁹²*
402 893 439 924 et
459 890 561 924 Deus
580 893 715 925 noster
733 899 813 934 prae

250 937 434 973 omnibus
452 936 542 972 diis.

298 984 332 1019 6.
375 984 511 1019 Omnia
558 994 814 1028 quaecumque

254 1032 378 1067 voluit
416 1031 604 1066 Dominus
650 1031 740 1066 lecit
775 1031 813 1065 in

255 1079 364 1118 coelo,
392 1079 430 1113 in
455 1082 571 1117 terra,
596 1078 614 1096 ἢ*
640 1079 678 1112 in
702 1078 813 1117 mari,

256 1129 293 1161 et
317 1126 354 1161 in
377 1126 559 1161 omnibus
577 1126 748 1172 abyssis.

304 1174 337 1208 7.
380 1173 557 1209 Educens
600 1173 724 1207 nubes
768 1173 816 1207 ab

257 1224 431 1256 extremo
457 1223 593 1255 terrae:
619 1220 636 1238 ⁵⁶
660 1220 816 1265 iulg-ura

258 1268 296 1302 in
319 1268 490 1312 pluviam
514 1267 617 1303 lecit.
639 1267 709 1311 Qui
732 1278 818 1312 pro-

255 1315 364 1350 ducit
386 1318 523 1350 ventos
544 1315 590 1350 de
620 1314 816 1350 thesauris

255 1362 352 1397 suis.

300 1410 333 1444 8.
358 1409 427 1452 Qui
452 1409 648 1453 percussit
670 1409 815 1454 primo-

252 1456 384 1501 genita
409 1456 564 1503 ,Egypti
587 1456 634 1491 ah
660 1456 816 1491 homine

253 1514 376 1548 usquc
397 1503 445 1538 ad
471 1513 601 1548 pecus.

297 1550 331 1585 9.
354 1551 397 1585 Et
417 1550 525 1585 misit
544 1551 657 1595 signa
675 1553 711 1585 et
731 1562 813 1595 pro-

250 1598 356 1643 digia
378 1598 415 1631 in
436 1598 563 1633 medio
584 1598 654 1635 tui,
675 1599 812 1645 .·Eg,vp*

252 1648 313 1679 te:
337 1645 355 1663 ²³¹¹
381 1645 419 1679 in
444 1645 697 1684 Pharaonem,
718 1649 755 1680 et
776 1646 813 1680 in

251 1702 386 1726 omnes
408 1702 543 1727 servos
565 1690 664 1737 ejus.

304 1739 356 1773 lo.
374 1739 444 1782 Qui
463 1740 659 1784 percussit
675 1743 814 1781 gentes

254 1786 424 1821 mullas:
451 1787 468 1804 ³*
490 1789 527 1821 et
542 1787 685 1823 occidit
702 1798 814 1833 reges

257 1834 399 1868 fortes:

303 1880 358 1915 ll.
379 1880 505 1915 Sehon
529 1891 658 1926 regem
684 1882 815 1915 Amor>

257 1927 465 1962 rhworum.
507 1931 542 1962 et
587 1928 643 1973 Og
685 1938 814 1973 regem

257 1975 394 2013 Basan,
423 1974 440 1993 ³⁴²
465 1978 502 2010 et
535 1975 663 2010 onmia
697 1986 815 2021 regna

257 2022 452 2056 Chanaan.

304 2069 358 2103 12.
384 2069 429 2103 Et
449 2069 555 2103 dedit
584 2072 727 2103 terram
753 2080 817 2103 eo-

258 2126 341 2150 rum
365 2115 632 2151 haereditatem
657 2127 665 2159 ς
738 2116 817 2150 lize-

256 2163 460 2198 reditatem
512 2163 629 2198 lsrael
677 2163 817 2208 populo

255 2220 338 2244 suo.

305 2257 539 2295 113.Domi11e,
553 2268 691 2292 nomen
706 2260 814 2292 tuum

255 2304 291 2338 in
330 2307 550 2339 ueternum:
583 2304 601 2323 '¹‘
641 2305 814 2344 Domine,

254 2351 478 2386 memoriale
502 2355 610 2386 tuum
636 2352 673 2385 in
696 2363 815 2397 gene-

256 2399 444 2433 rationem
457 2399 813 2444 etgeuerationem.

305 2446 355 2480 14.
375 2446 469 2488 Quia
482 2444 675 2491 judicabit
690 2446 818 2481 Domi-

256 2503 329 2527 nus
346 2493 529 2537 populum
547 2504 661 2528 suum
685 2494 702 2512 ‘¹‘
720 2494 815 2528 etin

257 2540 382 2575 servis
412 2540 495 2575 suis
525 2537 814 2585 deprecabitur.

307 2588 359 2621 15.
392 2587 608 2622 Simulacra
638 2588 815 2633 gentium

255 2638 462 2679 argentum
477 2638 512 2668 et
525 2644 678 2673 aurum,
699 2636 715 2653 Ὺ(
732 2646 818 2680 ope-

257 2691 297 2715 ra
321 2692 504 2715 manuum
528 2681 743 2717 hominum.

308 2728 358 2762 lli.
395 2729 444 2762 Os
479 2728 635 2765 habent.
668 2733 702 2764 et
739 2740 815 2764 non

256 2774 490 2819 loquentur:
529 2776 548 2794 *
578 2776 710 2810 oculos
748 2777 816 2812 ha—

255 2821 360 2860 bent,
385 2825 419 2856 et
444 2832 518 2855 non
546 2822 747 2858 videbunt.

306 2868 357 2902 17.
377 2870 501 2903 Aures
515 2869 672 2906 hahent.
688 2874 725 2904 et
738 2881 814 2904 non

254 2915 439 2949 audient:
460 2916 476 2933 2⁸
495 2926 618 2959 neque
634 2917 736 2950 enim
756 2920 815 2952 est

254 2962 419 3005 spiritus
438 2962 474 2996 in
494 2972 559 2997 ore
578 2962 765 3006 ipsorum.

307 3008 358 3043 ts.
394 3009 550 3043 Similes
597 3010 676 3043 illis
720 3011 815 3045 liant

254 3055 319 3099 qui
341 3055 489 3089 iaciunt
511 3056 814 3092 ea:*1·t‹›11111es

254 3101 318 3146 qui
339 3102 542 3137 conliduut
565 3102 603 3136 in
626 3103 694 3137 eis:

303 3148 358 3183 ⁴19.
386 3149 528 3183 Domus
548 3149 681 3185 Israel.
702 3150 814 3185 bene-

255 3195 372 3229 dicite
407 3196 595 3230 Domino:
629 3198 647 3215 ³³⁶
675 3197 814 3231 domus

256 3242 626 3282 Aar011‚benedicite
638 3243 811 3279 Domino.

1013 200 1249 240 —376—

885 323 966 371 Qui
990 322 1126 375 [estis]
1150 328 1315 364 stantes
1335 325 1383 363 in
1404 326 1534 364 domo
1552 325 1757 374 Jehovae‚

938 388 985 428 in
1006 388 1133 428 atriis
1156 390 1314 428 domus
1336 389 1411 429 Dei
1433 390 1589 438 nostri,

886 472 1078 512 Laudato
1099 472 1189 511 Yah
1212 472 1422 523 quoniam
1447 473 1588 513 bonus
1609 471 1704 525 [est]
1725 474 1904 522 Jehova,

940 536 1116 588 psallite
1136 537 1308 576 nomini
1331 538 1425 589 ejus
1447 538 1659 588 quoniam
1681 550 1813 579 suave
1839 537 1959 591 [est]!

887 619 1100 668 Quoniam
1122 619 1258 659 Jacob
1280 619 1412 670 elegit
1433 620 1517 660 sibi
1539 621 1646 669 Yah,

941 685 1074 724 Israel
1095 684 1141 723 in
1163 685 1388 736 peculium
1412 697 1541 725 suum
1565 700 1574 735 3

886 767 996 806 Vere
1017 778 1096 817 ego
1114 768 1299 818 cognovi
1319 768 1423 818 quia
1443 779 1630 819 magnus
1654 767 1748 820 [est]
1765 769 1928 809 Jehova

941 837 982 871 et
1012 831 1221 872 dominus
1249 837 1398 872 noster
1420 831 1517 884 [est]
1544 845 1648 884 prae
1670 833 1878 873 omnibus
1900 833 1985 873 diis
2005 848 2014 882 ;

889 915 1026 955 Omne
1053 916 1170 966 quod
1199 916 1292 955 vult
1329 917 1494 956 Jehova
1522 916 1625 957 facit
1659 916 1705 956 in
1733 917 1864 956 caelis
1899 922 1939 956 et
1974 917 2018 955 in

942 980 988 1019 in
1012 980 1210 1020 maribus
1231 985 1273 1020 et
1294 981 1501 1021 omnibus
1522 982 1693 1034 abyssis
1718 997 1725 1021 :
1870 980 2016 1033 [te1·ra‚

891 1061 996 1114 [Est]
1020 1063 1184 1103 faciens
1212 1065 1450 1103 ascendere
1473 1076 1656 1114 vapores
1681 1066 1732 1104 de
1750 1065 1834 1104 fine
1857 1069 2014 1111 terrae,

944 1128 1119 1179 fulgura
1142 1128 1257 1168 inter
1279 1129 1474 1179 pluviam
1495 1129 1612 1177 facit,

891 1211 1072 1251 Faciens
1094 1211 1216 1250 exire
1237 1216 1417 1251 ventum
1443 1213 1495 1252 de
1517 1212 1736 1252 thesauris
1758 1212 1866 1259 suis,

891 1426 969 1474 Qui
994 1427 1212 1476 percussit
1237 1426 1555 1477 primogenitos
1578 1426 1773 1465 Misraim

943 1491 996 1530 ab
1018 1491 1198 1530 homine
1220 1503 1360 1542 usque
1381 1492 1435 1531 ad
1460 1491 1725 1542 jumentum,

891 1574 1009 1613 Misit
1025 1575 1149 1625 signa
1167 1579 1207 1614 et
1223 1574 1423 1626 prodigia
1439 1574 1484 1613 in
1503 1574 1646 1614 medio
1661 1574 1741 1622 tui,
1757 1575 1965 1626 Aegypte,

944 1643 1094 1678 contra
1125 1640 1392 1689 pharaonem
1434 1644 1475 1678 et
1507 1644 1658 1679 contre
1688 1650 1845 1694 omnes·
1872 1649 2021 1677 servos

890 1721 969 1769 Qui
994 1722 1212 1771 percussit
1230 1726 1384 1772 gentes
1407 1722 1569 1762 multas
1885 1707 2019 1761 [θὶῑῐὲἑ

944 1792 985 1826 et
1005 1787 1163 1826 occidit
1187 1798 1309 1837 reges
1332 1787 1480 1834 fortes,

893 1869 1030 1909 Sihon
1052 1881 1200 1920 regem
1220 1870 1480 1909 Amorrhaei

945 1939 987 1973 et
1008 1935 1100 1985 Hog
1122 1946 1267 1985 regem
1291 1935 1446 1977 Basan.

946 2005 986 2039 et
1006 2000 1152 2038 omnia
1178 2011 1309 2050 regna
1336 2000 1507 2040 Canaan
1533 2014 1541 2038 :

893 2082 941 2121 Et
962 2082 1083 2121 (ledit
1104 2087 1264 2121 terram
1289 2094 1438 2121 eorum
1465 2082 1794 2121 haereditatem.

945 2147 1260 2187 haereditatem
1285 2147 1418 2186 Israel
1443 2147 1604 2197 populo
1627 2158 1720 2186 su0.

889 2229 1068 2277 Jehova,
1093 2242 1266 2280 nomem
1292 2235 1416 2269 tuum
1444 2228 1557 2281 [erit]
1582 2230 1626 2268 in
1649 2235 1901 2277 aeternum3

942 2295 1121 2341 Jehova,
1150 2293 1583 2345 inenm1·iatua[eril]
1612 2295 1659 2333 in
1687 2294 2016 2345 generationem

1579 2350 1653 2410 o[et
1672 2359 2019 2410 generationem,

892 2437 999 2485 Quia
1020 2437 1186 2488 judicat
1205 2437 1368 2477 Jehova
1393 2437 1605 2488 populum
1624 2448 1752 2476 suum

945 2507 986 2541 et
1007 2513 1140 2552 super
1160 2513 1310 2542 servos
1336 2514 1438 2542 suos
1462 2502 1696 2541 miseretur
1719 2501 1726 2540 l

894 2584 1100 2636 [Contra]‚
1123 2586 1473 2625 abominationes
1489 2585 1687 2636 gentium
1709 2582 1843 2635 [suut]
1865 2594 2020 2634 argen-

944 2662 1054 2700 opus
1077 2662 1290 2692 manuum
1315 2651 1510 2690 hominis
1533 2662 1544 2697 ;
1654 2648 1761 2700 [tum
1786 2653 1826 2688 et
1843 2659 2018 2696 aurum,

891 2734 946 2773 Os
969 2731 1064 2785 [est]
1088 2734 1150 2773 eis
1173 2738 1214 2773 et
1234 2745 1322 2773 non
1346 2734 1606 2784 loquuntur,

944 2799 1030 2837 (luo
1051 2799 1166 2838 oculi
1191 2797 1324 2849 [sunt]
1349 2799 1411 2837 eis
1433 2803 1473 2837 et
1494 2809 1582 2837 non
1598 2797 1763 2844 vident,

890 2882 1007 2920 Duae
1029 2893 1157 2920 aures
1182 2879 1317 2932 [sunt]
1336 2881 1398 2920 eis
1420 2886 1461 2920 et
1483 2892 1569 2919 non
1592 2880 1794 2926 audiunt,
1998 2912 2001 2915 .

943 2958 1076 2985 nasus
1091 2945 1168 2997 [est
1187 2945 1265 2997 eis]
1285 2945 1350 2998 [ou
1370 2943 1579 2996 profecto]
1597 2956 1682 2984 non
1698 2949 1761 2984 est
1775 2943 1958 2995 spiritus
1973 2943 2019 2982 in

890 3028 1011 3067 Sicut
1027 3030 1135 3068 istae
1153 3030 1256 3068 liant
1273 3029 1482 3067 iacientes
1503 3028 1624 3074 istas,
1744 3013 1833 3065 [01'e
1849 3025 2017 3061 θΟΓῑΠΠὲ

944 3091 1015 3144 [et]
1040 3094 1184 3132 omnis
1206 3094 1281 3144 qui
1304 3094 1530 3133 confidens
1554 3090 1649 3143 [est]
1673 3092 1719 3131 in
1740 3092 1803 3131 eis
1825 3091 1832 3129 l

891 3174 1080 3227 [Contra]
1104 3177 1262 3215 domus
1287 3177 1434 3222 Israel,
1459 3175 1704 3215 benedicite
1725 3175 1951 3220 Jehovam‚

942 3241 1099 3279 (lomus
1112 3241 1271 3287 Aaron⁷
1286 3240 1532 3280 benedicite
1552 3240 1777 3286 Jehovam,
