2243 3568
294 309 404 333 versa
430 301 529 332 terra
549 295 554 330 !
574 294 760 338 Quoniam
781 294 855 327 ele-

293 349 379 380 vata
391 347 449 379 est
464 341 752 387 magnificentia
765 340 853 375 tua*

291 402 407 437 super
421 391 551 425 coelos.

338 442 371 474 3.
397 440 447 473 Ex
483 447 549 472 ore
570 435 781 471 infantium
815 436 853 468 et

292 485 519 522 lactentium
552 481 749 528 perfecisti
769 482 852 516 lau—

289 534 376 569 dem
445 534 602 576 propter
673 529 852 576 inimicos

293 584 394 621 tuos,
417 579 431 592 *
460 582 503 613 ut
524 578 706 613 destruas
728 576 851 610 inimi-

288 638 375 663 cum
398 630 435 661 et
464 626 642 660 ultorem.

337 675 368 709 4.
395 672 583 717 Quoniam
622 670 760 706 videbo
778 680 851 705 coe-

290 722 346 757 los
370 726 470 762 tuos,
488 729 604 764 opera
636 717 850 762 digitorum

290 765 849 809 tuorum;*lunametstellas,

287 826 375 861 quae
393 818 431 851 tu
450 813 638 850 fundasti.
656 842 668 854 ,

335 864 369 898 5.
393 862 492 906 Quid
515 865 575 896 est
597 861 723 901 homo,
748 858 850 904 quod

292 919 489 946 memores
504 906 851 954 ejus·.>*autfi1ius

291 957 473 995 hominis,
507 955 689 1001 quoniam
713 953 851 990 visitas

287 1002 406 1041 eum?

335 1052 368 1087 6.
404 1050 581 1086 Minuisti
620 1059 706 1084 eum
739 1047 851 1093 paulo

290 1100 420 1134 minus
448 1098 496 1133 ab
528 1096 694 1141 angelis,
728 1095 849 1140 gloria

287 1151 324 1183 et
344 1147 487 1181 honore
506 1143 701 1180 coronasti
714 1153 825 1178 eum:

265 1217 271 1223 -
335 1193 371 1228 7.
408 1194 451 1228 Et
487 1190 731 1227 constituisti
762 1200 849 1226 eum

288 1250 406 1286 super
479 1248 594 1284 opera
664 1247 849 1273 manuum

290 1292 459 1323 tuarum.

334 1335 368 1370 8.
393 1333 529 1369 Omnia
551 1331 755 1377 subjecisti
777 1332 850 1366 sub

288 1382 450 1427 pedibus
486 1379 585 1425 ejus,
634 1379 654 1398 ἕ
689 1389 780 1415 oves
813 1382 850 1414 et

287 1430 403 1464 boves
444 1428 666 1468 universas,
689 1427 849 1471 insuper

285 1480 322 1512 et
344 1485 479 1520 pecora
507 1475 629 1517 campi
652 1484 659 1516 ;

333 1523 365 1558 9.
381 1523 564 1558 Volucres
577 1521 661 1557 coeli
673 1523 711 1556 et
724 1520 848 1566 pisces

289 1570 422 1610 maris,
446 1570 465 1589 *
484 1569 550 1614 qui
574 1568 848 1613 perambulant

286 1617 447 1654 semitas
472 1616 602 1651 maris.

338 1664 392 1699 10.
436 1663 609 1706 Domine,
660 1661 848 1697 Dominus

1072 166 1282 205 „20-

928 291 986 330 Ex
1011 301 1084 329 ore
1105 289 1345 328 infantium
1370 293 1411 328 et
1431 287 1689 327 lactentium

980 354 1143 405 parasti
1162 354 1336 393 laudem
1361 350 1516 404 [tuam]
1540 351 1605 402 (¹).
1669 383 1677 391 .

1828 214 2228 449 βψ

1476 477 1512 516 Π
1863 499 2057 552 [tuorum

928 573 1034 613 Cum
1058 572 1334 623 contemplor
1354 572 1496 611 caelos
1518 576 1639 619 tuos,
1662 582 1792 622 opera
1816 571 2056 623 digitorum

979 639 1132 677 lunam
1164 642 1204 677 et
1226 637 1376 677 stellas
1397 648 1507 687 quas
1529 641 1574 676 tu
1591 636 1762 684 creasti,

928 716 947 741 «
980 703 1093 751 Quid
1111 701 1207 753 lest]
1230 703 1361 742 homo
1380 706 1427 741 ut
1445 712 1616 741 memor
1637 702 1698 741 sis
1713 702 1823 753 ejus,
1839 700 2057 753 [inquam]

981 780 999 805 »
1023 772 1065 808 et
1085 767 1204 807 filius
1229 766 1439 814 hominiS,
1458 771 1505 806 ut
1521 778 1670 806 curam
1687 766 1846 807 habeas
1867 767 1920 806 de
1942 767 2057 807 eo?»

1471 891 1527 931 ΙΙΙ

927 993 1131 1028 Attamen
1155 986 1387 1027 minorasti
1410 997 1511 1026 eum
1537 986 1766 1037 paululum
1789 996 1813 1025 a
1834 986 1915 1025 deo
1935 984 1980 1035 (²)

979 1058 1019 1093 et
1039 1053 1178 1104 gloria
1198 1057 1237 1092 et
1264 1053 1428 1091 honore
1452 1050 1671 1091 coronasti
1695 1062 1794 1090 eum
1814 1064 1823 1098 3

927 1118 1153 1158 Dominari
1198 1116 1339 1158 fecisti
1382 1128 1481 1157 eum
1523 1116 1568 1155 in
1601 1115 1810 1166 operibus
1844 1126 2056 1155 manuum

978 1183 1126 1223 omnia
1144 1183 1331 1235 posuisti
1349 1182 1430 1222 sub
1452 1181 1640 1233 pedibus
1661 1181 1783 1232 ejus:
1845 1179 2056 1232 [tuarum.

1463 1306 1518 1345 IV

926 1402 1083 1442 Pecora
1103 1406 1143 1440 et
1164 1401 1311 1448 boves,
1338 1400 1486 1440 omnia
1509 1401 1630 1447 haec,

979 1471 1019 1506 et
1040 1466 1225 1516 insuper
1248 1466 1410 1505 bestias
1429 1465 1523 1517 agri
1547 1463 1615 1516 [ou
1634 1462 1861 1517 agrestes],

922 1530 1134 1571 Volucres
1156 1531 1377 1570 caelorum
1403 1535 1443 1570 et
1465 1529 1608 1581 pisces
1630 1529 1781 1578 maris,

978 1594 1139 1647 [omne]
1165 1596 1479 1647 perambulans
1495 1595 1675 1635 semitas
1696 1595 1888 1638 marium
1912 1593 1920 1634 l

287 1715 434 1753 noster,
458 1712 602 1756 *quam
618 1709 848 1745 admirabile

286 1762 347 1794 est
372 1768 511 1794 nomen
535 1760 644 1792 tuum
686 1757 725 1792 in
765 1757 850 1791 uni-

288 1816 398 1841 versa
421 1809 521 1841 terra
540 1803 546 1840 l

973 1729 1136 1779 mona,
1157 1731 1318 1771 domme
1338 1737 1489 1780 noster,

923 1807 1050 1849 quam
1064 1794 1309 1836 admirabile
1328 1795 1414 1848 [esc]
1432 1807 1579 1835 nomen
1596 1802 1710 1836 tuum
1733 1796 1777 1835 in
1789 1796 1902 1836 omni
1917 1801 2032 1836 terra
2044 1798 2057 1835 !

1652 1955 1883 2000 PSAUME
1915 1956 2052 2000 IX-X.

371 2090 541 2126 l'saume
569 2084 615 2125 de
648 2085 885 2137 vingt-deux
913 2082 1098 2136 scrophas
1121 2090 1403 2134 commensont
1423 2082 1751 2124 successivement
1780 2095 1859 2136 par
1880 2083 2058 2125 chacune

290 2151 355 2192 des
383 2150 517 2191 lettres
547 2150 594 2190 de
623 2147 840 2202 l'alphabec
871 2147 1016 2189 he'breu
1038 2160 1049 2188 .·
1081 2160 1120 2188 ee
1146 2159 1267 2200 yenre
1296 2147 1560 2198 d'aerosuche
1587 2147 1871 2204 alphabetique
1894 2156 1952 2189 est
1980 2150 2059 2190 tres

289 2214 499 2256 recherche?
515 2226 596 2268 pair
616 2212 668 2254 les
692 2212 876 2254 He'breuae
906 2220 942 2253 et
963 2225 1041 2266 par
1068 2220 1200 2253 toules
1221 2210 1275 2252 les
1302 2210 1559 2253 litteratures
1578 2214 1835 2267 semitiques:
1860 2212 2062 2267 l’ea‘emple

292 2279 324 2321 le
343 2279 434 2333 plus
454 2292 587 2320 eonnu
616 2291 655 2319 se
677 2285 815 2319 trouve
846 2277 950 2318 (lans
977 2276 1030 2318 les
1059 2279 1396 2324 ΒΑΜΕΝΤΑΤιοΝε,
1433 2290 1463 2318 e.
1509 2281 1635 2328 [·1V;
1668 2279 1773 2318 mais
1805 2276 1846 2319 la
1878 2277 1986 2319 Bible
2012 2290 2061 2319 en

290 2345 490 2398 renferme
529 2343 731 2398 beaucoup
760 2342 956 2384 d'autres.
993 2366 1042 2370 --
1076 2347 1125 2383 Le
1145 2353 1313 2394 psaume
1352 2344 1614 2384 Conrirnaoa
1647 2349 1704 2383 est
1736 2355 1815 2383 une
1845 2344 1980 2396 priere
2012 2357 2061 2385 en

291 2409 436 2464 saveur
471 2409 570 2450 d’un
599 2408 879 2458 malheureuzr,
916 2415 953 2448 et
980 2419 1058 2460 par
1090 2406 1274 2448 endroits
1309 2419 1359 2447 en
1388 2406 1533 2460 faveur
1566 2408 1621 2448 du
1651 2407 1793 2460 peuple
1818 2407 1989 2449 d'Israe‘l
2010 2421 2058 2450 en

293 2474 401 2515 butte
422 2487 505 2514 our
523 2481 710 2529 altaques
730 2474 798 2515 des
817 2474 984 2514 nations
1005 2484 1226 2525 payenues.
1252 2495 1300 2500 —
1325 2469 1516 2524 Strophes
1537 2472 1582 2513 de
1603 2472 1707 2513 deur
1726 2471 1935 2527 distiques‚
1959 2472 2059 2515 dont

295 2539 326 2579 le
345 2541 521 2591 premier
540 2537 624 2579 seul
645 2545 701 2579 esc
722 2536 1004 2591 alphabecique
1023 2548 1035 2578 :
1057 2548 1146 2577 vers
1166 2537 1212 2576 de
1232 2537 1258 2576 3
1277 2540 1318 2579 -l-
1340 2538 1367 2577 3
1387 2544 1560 2578 accentS.

375 2602 575 2643 L’Hebreu
606 2602 685 2656 fait
722 2602 826 2644 deux
855 2613 1044 2655 psuumes
1073 2599 1120 2641 de
1155 2608 1214 2642 cet
1246 2599 1460 2650 ensembue,
1499 2600 1552 2641 les
1575 2605 1679 2642 LXX
1706 2600 1805 2642 ella
1843 2600 2009 2655 Vulqate
2027 2601 2061 2644 le

294 2667 547 2707 considerent
571 2679 720 2708 comme
752 2680 810 2707 un
839 2667 975 2719 poeme
1007 2667 1174 2720 unique.
1211 2669 1260 2706 Ce
1294 2677 1484 2706 morceau
1517 2677 1620 2706 ‘nous
1640 2665 1773 2707 donne
1792 2679 1872 2707 une
1892 2666 1975 2708 ide'e
1995 2668 2062 2709 des

294 2733 620 2772 accomodations
647 2731 772 2786 qu'on
797 2728 941 2784 suisoit
966 2730 1082 2771 subir
1109 2742 1192 2771 aux
1216 2742 1405 2783 psaumes
1427 2742 1533 2783 pour
1552 2729 1606 2772 les
1626 2730 1842 2786 apptiquer
1860 2744 1945 2773 aux
1964 2731 2059 2786 fetes

357 2873 399 2910 (1)
424 2871 521 2904 Cette
542 2871 687 2912 strophe
705 2881 723 2903 a
745 2873 926 2912 beaucoup
941 2872 1099 2911 soutIert,
1122 2871 1237 2903 meme
1258 2871 1346 2903 dans
1363 2871 1539 2903 l’hebreu:
1557 2873 1589 2912 je
1606 2872 1662 2903 l’ai
1677 2872 1826 2904 retablie
1841 2881 1906 2913 par
1921 2875 2060 2913 conjec-

295 2915 386 2944 ture.
404 2913 573 2944 L'bcbrcu
597 2915 699 2953 porte
718 2913 969 2945 actucllement
989 2914 1083 2945 deux
1102 2914 1194 2944 mots
1208 2913 1251 2944 de
1265 2913 1374 2944 debut
1391 2914 1762 2953 grammaticalement
1778 2914 2054 2954 inexplicables:

295 2955 317 2985 il
352 2956 437 2985 vaut
464 2955 582 2985 mieux
616 2954 702 2992 lire;
736 2950 865 2984 ἂὲῑναΙι
903 2952 996 2993 leka²
1027 2955 1073 2987 ct.
1102 2955 1232 2993 Exode‚
1251 2954 1321 2994 XV,
1348 2955 1376 2985 1.
1398 2971 1437 2976 ——
1457 2954 1603 2993 Quanta
1629 2955 1660 2986 la
1688 2956 1748 2991 fin,
1766 2964 1847 2996 ony
1871 2956 1930 2987 lit:

378 2994 423 3025 De
446 2994 481 3025 lu
505 2993 639 3025 bouche
660 2995 719 3025 des
736 2995 895 3034 enfants,
916 2992 1030 3026 ¹meme
1044 2996 1085 3026 de
1099 3002 1188 3026 ceufc
1206 2994 1271 3035 qui
1294 2996 1375 3025 sont
1397 2994 1419 3025 ίι
1441 2993 1475 3026 la
1496 2995 1676 3036 mamelle,

378 3037 415 3066 tu
437 3043 477 3065 as
498 3034 569 3074 fait
594 3042 663 3065 une
678 3034 778 3074 soree
793 3033 811 3065 ὰ
832 3043 939 3066 cause
957 3035 996 3066 de
1013 3037 1062 3067 tes
1083 3035 1325 3072 adversaires‚

375 3084 470 3115 pour
488 3075 633 3107 reduire
655 3075 824 3107 l'ennemi
843 3078 875 3108 et
897 3075 928 3107 le
947 3075 1190 3110 malveillant.

357 3119 410 3149 Au
432 3119 529 3158 point
545 3118 587 3148 de
605 3126 673 3148 vue
687 3118 729 3148 de
747 3117 778 3148 la
797 3117 920 3158 forme,
937 3120 1028 3150 cette
1047 3119 1203 3149 addition
1223 3118 1339 3150 donne
1357 3127 1425 3150 une
1445 3119 1590 3160 strophe
1607 3120 1818 3161 irregutiere
1837 3128 1901 3160 par
1922 3121 2002 3161 trop
2017 3121 2059 3152 de

297 3159 481 3199 longueur.
502 3159 549 3189 De
564 3158 642 3199 plus
661 3160 737 3191 tout
755 3159 785 3189 lc
807 3160 933 3189 monde
958 3161 1140 3191 reconnait
1159 3168 1229 3199 que
1248 3161 1340 3191 cette
1361 3161 1592 3191 terminaison
1616 3161 1671 3192 n'a
1691 3169 1807 3193 aucun
1827 3161 1896 3192 lien
1917 3169 2002 3192 avec
2018 3170 2058 3193 ce

293 3201 354 3240 qui
385 3201 530 3238 precede
556 3201 591 3230 ni
621 3208 704 3231 avec
723 3208 762 3231 ce
781 3200 842 3239 qui
871 3200 953 3239 suit,
972 3203 1006 3231 ct
1030 3200 1148 3232 n'oflre
1175 3209 1290 3232 aucun
1322 3209 1403 3232 sens
1433 3210 1497 3241 par
1518 3201 1744 3234 elle-meme:
1769 3202 2057 3234 vraisemblable-

297 3243 395 3272 ment
414 3242 498 3272 c'est
520 3248 590 3272 une
613 3242 732 3280 epam,
751 3249 866 3272 venue
889 3241 1080 3280 d'ailleurs‚
1102 3243 1146 3272 οὺ
1168 3241 1234 3272 l'on
1255 3242 1359 3272 disait
1380 3251 1450 3282 que
1470 3243 1555 3274 Dieu
1576 3243 1702 3275 defend
1726 3252 1763 3275 sa
1785 3252 1891 3275 cause
1913 3251 1998 3275 avec
2017 3252 2056 3275 ce

294 3282 380 3323 qu¹u
399 3291 420 3322 y
438 3291 456 3313 a
480 3282 522 3313 de
546 3281 625 3322 plus
643 3281 747 3312 taible
766 3293 772 3312 :
795 3282 885 3313 Areo
906 3280 965 3312 des
987 3280 1146 3322 enfants,
1168 3279 1282 3313 meme
1300 3289 1384 3314 avec
1404 3289 1493 3314 ceux
1513 3282 1579 3324 qui
1603 3285 1684 3316 sont
1703 3283 1725 3314 ὰ
1746 3283 1784 3315 la
1803 3283 1986 3324 mameae,
2015 3285 2054 3315 tu
