2243 3568
302 309 358 345 13.
388 309 574 353 Quoniam
609 307 816 352 requirens

253 357 483 401 sanguinem
523 364 657 390 eorum
691 363 816 389 recor·

252 405 367 440 datus
389 406 448 438 est
469 413 477 445 ;
495 400 510 416 ²
532 412 610 437 non
634 403 694 436 est
717 399 811 436 obli*

255 454 316 487 tus
347 450 555 486 clamorem
580 457 808 494 pauperum.

299 497 356 532 14.
386 497 574 532 Miserere
612 494 700 537 mei,
740 495 812 530 Do-

251 545 377 587 mine;
399 542 414 557 ³*
441 543 530 579 vide
550 542 812 579 humilitatem

251 601 373 628 meam
389 591 436 626 de
452 589 623 626 inimicis
643 589 755 625 meis.

298 638 353 674 15.
389 637 460 681 Qui
487 637 638 673 exaltas
669 647 728 671 me
766 636 813 671 de

249 685 373 732 portis
389 684 541 722 mortis,
560 683 580 703 ³¹*
601 687 643 720 ut
661 692 811 719 annun-

251 733 341 769 tiem
390 742 524 768 omnes
566 731 812 767 laudationes

252 782 339 816 tuas
361 780 401 814 in
429 779 553 823 portis
578 778 670 814 filiae
703 778 809 814 Sion.

296 827 353 863 16.
377 826 567 862 Exultabo
584 826 624 861 in
646 825 810 862 salutari

251 876 342 917 tuo;
379 874 509 909 infixae
549 876 643 910 sunt
676 876 813 919 gentes

250 922 290 957 in
310 921 473 957 interitu
487 931 599 966 quem
617 919 811 957 fecerunt.

250 970 293 1004 ln
314 969 451 1014 laqueo
473 968 561 1011 ist0‚
585 978 698 1013 quem
721 968 812 1005 abs-

249 1015 467 1052 conderunt
493 1015 526 1056 ³⁶,
559 1015 813 1060 comprehen-

248 1072 317 1100 sus
338 1065 397 1099 est
420 1072 487 1108 pes
504 1072 651 1098 eorum.

298 1110 354 1145 17.
390 1110 653 1155 Cognoscetur
691 1110 813 1145 Domi-

249 1167 324 1194 nus
351 1155 498 1202 judicia
526 1157 671 1193 taciens
691 1167 700 1200 ;
722 1157 737 1170 *
773 1157 812 1193 in

248 1204 431 1250 operibus
445 1214 631 1240 manuum
653 1214 812 1241 suarum

249 1251 555 1297 comprehensus
564 1255 624 1288 est
636 1255 813 1297 peccator

298 1298 354 1335 18.
377 1299 664 1336 Convertamur
685 1308 812 1343 pecca-

251 1348 355 1382 tores
370 1346 406 1381 in
425 1346 663 1387 ἰῑιῐθηιυηῌ·Ε
678 1356 812 1382 omnes

249 1396 385 1438 gentes
414 1403 500 1438 quae
521 1393 813 1430 obliviscuntur

252 1441 385 1475 Deum.

297 1487 353 1523 19.
408 1488 596 1531 Quoniam
655 1498 733 1524 non
773 1488 812 1523 in

251 1536 365 1570 linem
396 1535 540 1569 oblivio
569 1535 644 1570 erit
673 1545 814 1580 paupe-

250 1581 305 1616 ris
324 1592 331 1624 3
356 1580 369 1595 ¹*
388 1582 576 1627 patientia
597 1592 811 1627 pauperum

249 1638 326 1664 non
347 1628 489 1673 peribit
518 1629 556 1664 in
586 1630 716 1665 tinem.

295 1675 531 1722 20.1⁴1xurge‚
547 1677 718 1719 Domine,
735 1687 812 1713 non

249 1722 495 1758 confortetur
518 1724 649 1766 homo;
671 1724 686 1741 *
704 1724 811 1770 judi-

249 1773 388 1805 centur
401 1773 538 1815 gentes
553 1771 592 1806 in
602 1775 813 1817 conspectu

252 1818 317 1852 tuo

296 1863 354 1899 21.
384 1864 602 1906 Constitue,
638 1866 810 1908 Domine,

251 1911 513 1955 legislatorem
543 1922 660 1956 super
695 1922 775 1954 eos,
799 1913 813 1927 *⁸

254 1961 296 1992 ut
317 1958 445 1994 sciant
464 1962 601 2004 gentes
628 1960 812 2003 quoniam

254 2004 429 2041 homines
451 2009 558 2041 sunt.

252 2088 310 2122 Ps.
328 2089 359 2122 X
381 2087 592 2123 secundum
610 2088 812 2126 Hebraeos.

302 2145 332 2180 1.
367 2146 524 2191 utquid,
555 2147 728 2191 Domine,
759 2159 817 2183 re-

253 2192 407 2229 cessisti
440 2194 567 2238 longe,
597 2194 616 2214 ³*
645 2195 814 2240 despicis

254 2240 291 2274 in
343 2241 721 2285 opportunitatibus,
774 2242 814 2278 in

255 2286 507 2323 tribulatione
528 2286 548 2322 ἱ)

297 2333 331 2368 2.
350 2334 443 2369 Dum
457 2335 636 2379 superbit
655 2336 812 2381 impius,

253 2381 478 2416 incenditur
492 2392 638 2427 pauper
653 2393 661 2426 ;
679 2383 698 2403 *
713 2394 815 2420 com-

253 2428 550 2472 prehenduntur
578 2430 616 2465 in
635 2431 813 2468 consiliis

250 2474 393 2519 quibus
412 2477 600 2521 cogitant.

298 2521 720 2565 3.Quoniamlaudatur
732 2535 812 2570 pec-

252 2572 358 2604 catos
382 2570 420 2604 in
442 2570 651 2606 desideriis
672 2573 814 2608 animae

253 2625 346 2652 suae.
367 2620 403 2651 et
432 2617 590 2662 iniquus
621 2619 811 2655 benedici-

254 2665 331 2698 tur.

300 2708 332 2743 4.
389 2710 641 2747 Exacerbavit
690 2713 813 2748 Domi-

252 2765 345 2791 num
386 2760 575 2801 peccator,
617 2758 637 2777 ἦ
673 2770 813 2796 secun—

252 2802 343 2837 dum
408 2804 703 2841 multitudinem
745 2807 812 2842 iric

252 2859 333 2885 suae
351 2860 428 2885 non
449 2855 611 2894 quisset.

298 2896 330 2931 5.
352 2897 433 2932 Non
453 2901 512 2932 est
534 2898 632 2934 Deus
655 2899 693 2935 in
720 2910 812 2936 con-

251 2946 386 2988 spectu
407 2942 492 2988 ejus
514 2956 521 2981 :
545 2944 558 2957 ²
581 2945 812 2990 iniquinatae

252 2993 346 3025 sunt
383 2990 454 3025 via»
489 2991 594 3027 illius
635 2993 672 3027 in
706 2995 810 3029 omni

253 3039 436 3081 tempore.
473 3039 720 3075 Auteruntur
755 3040 812 3085 ju-

251 3082 351 3119 dicia
389 3087 452 3119 tua
492 3094 512 3119 a
544 3085 639 3121 facie
660 3085 746 3131 ejus
766 3097 774 3129 ;
798 3087 811 3101 ³·

251 3139 425 3166 omnium
449 3132 697 3168 inimicorum
721 3143 810 3170 suo-

252 3187 337 3212 rum
359 3177 640 3215 dominabitur.

1026 182 1239 222 —24-

1023 303 1175 357 [quod]
1202 317 1291 345 non
1317 304 1596 345 obliviscitur
1625 306 1862 346 clamorem
1886 305 2018 345 mise-

1814 368 1983 422 [rorum
2007 368 2018 410 1

888 448 911 477 Π
967 447 987 473 «
1019 435 1226 475 Miserere
1258 435 1344 475 mei
1377 433 1686 488 [inquiuntho
1715 435 1892 483 Jehova‚
1917 435 2017 474 vide

1101 499 1397 552 [afflictionem
1420 511 1564 540 meam
1580 500 1634 540 ab
1655 499 1905 540 odientibus
1931 511 2014 547 me,

1022 577 1041 603 ))
1065 576 1089 605 o
1110 566 1308 605 exaltans
1327 576 1396 604 me
1419 565 1472 605 de
1489 565 1626 616 portis
1649 565 1804 605 mortis
1822 564 1830 604 l

968 643 988 668 »
1019 631 1079 671 Ita
1096 634 1144 670 ut
1158 641 1334 670 narrem
1355 641 1507 670 omnes
1529 631 1681 670 laudes
1697 635 1794 670 tuas
1816 630 1861 669 in
1881 629 2018 681 portis

1740 693 1872 747 [filiae
1895 695 2014 742 Sion,

1021 772 1040 798 «
1069 757 1142 812 [et]
1163 760 1355 800 exultem
1379 761 1432 800 de
1453 761 1593 800 salute
1616 759 1714 800 tua!
1740 771 1759 797 n

887 889 913 919 ω
968 876 2014 931 Cecideruntgentesinioveam[quam]iecerant‚

1020 944 1065 983 in
1098 945 1256 995 laqueo
1296 954 1428 995 quem
1454 943 1790 991 absconderant,
1823 954 2017 994 compre·

1443 1007 1623 1060 [hensus
1652 1013 1715 1048 est
1743 1019 1816 1059 pes
1845 1019 2013 1055 earum,

966 1074 1175 1125 Cognitus
1197 1079 1260 1114 est
1279 1074 1458 1122 Jehova,
1482 1074 1585 1114 iecit
1605 1073 1822 1125 Judicium
1846 1088 1853 1121 3

1020 1139 1067 1179 in
1097 1139 1298 1179 iaciendo
1331 1150 1546 1180 manuum
1569 1150 1751 1179 suarum
1774 1143 1928 1189 captus
1949 1143 2013 1178 est

1817 1202 2016 1255 [impius.

1531 1267 1663 1316 Se'lah,
1688 1265 1910 1320 hiqflciyon.

968 1340 1288 1381 Convertentur
1307 1341 1436 1392 impii
1455 1341 1502 1381 in
1524 1341 1796 1392 sepulcrum,

1023 1403 1095 1457 [et]
1114 1417 1267 1446 omnes
1287 1411 1439 1458 gentes
1461 1406 1771 1446 obliviscentes
1796 1406 1931 1444 Deum
1955 1418 1963 1443 ε

967 1469 1182 1519 Quoniam
1216 1483 1304 1511 non
1337 1472 1383 1511 in
1421 1472 1551 1511 finem
1592 1471 1637 1510 in
1676 1471 1899 1510 oblivione
1937 1469 2020 1509 erit

1842 1534 1992 1585 [miser
2012 1549 2020 1583 ;

1020 1601 1264 1651 expectatio
1302 1601 1566 1642 miserorum
1610 1599 1730 1652 [noni
1775 1599 1936 1652 peribit
1974 1600 2019 1638 in

1759 1663 2018 1717 [aeternum.

889 1727 1111 1781 [Usta-qe,
1135 1742 1157 1770 ο
1176 1729 1339 1778 .Ῑι’1ιουα,
1362 1743 1446 1771 aon
1465 1729 1700 1783 praevaleat
1722 1729 1853 1778 homo,
1897 1775 1901 1779 ,
1982 1755 1991 1773 l

1013 1794 1255 1844 jndicemur
1271 1803 1405 1847 gentes
1427 1802 1521 1836 ame
1541 1794 1684 1848 faeiem
1711 1804 1825 1835 taam
1846 1797 1858 1834 !

968 1862 1092 1907 Pone,
1115 1871 1137 1898 0
1157 1857 1319 1909 JeImva,
1345 1867 1544 1900 terrorem
1565 1862 1618 1900 ets
1643 1861 1704 1911 (¹),
1855 1858 1985 1912 [sant]
2004 1861 2016 1898 l

1020 1923 1184 1964 discant
1220 1930 1356 1976 qentes
1406 1924 1633 1978 [quonlam]
1682 1924 1861 1965 homines
1901 1926 2013 1976 ipsae

1777 1986 1909 2029 Seltlh.

889 2139 908 2189 5
969 2154 1148 2205 thuid,
1166 2166 1189 2194 ο
1209 2156 1493 2202 Je110va‚stas
1509 2157 1530 2195 a
1555 2157 1799 2206 longinquo
1820 2156 1883 2205 (²),

1024 2218 1095 2272 [et]
1119 2220 1402 2261 absconderis
1424 2233 1498 2272 pro
1522 2222 1795 2271 temporibus
1818 2221 1863 2261 in
1880 2221 2013 2261 tribu<

968 2284 1234 2336 Insuperbia
1250 2286 1776 2336 impiiexaestuatmiser,
1809 2284 2013 2337 flatione?

1021 2350 1258 2401 capiuntur
1296 2349 1480 2402 [miseri]
1516 2351 1560 2390 in
1588 2351 1762 2390 astutiis
1795 2362 1902 2400 quas
1942 2351 2014 2390 isti

1794 2413 2016 2466 [cogitant.

890 2474 903 2523 [
922 2475 953 2523 η
971 2479 1175 2526 Quoniam
1200 2477 1345 2519 laudat
1360 2481 1509 2531 impias
1532 2491 1654 2531 saper
1674 2480 1906 2531 cupide'nem
1928 2481 2018 2519 anz'-

1022 2549 1059 2582 ει
1079 2554 1231 2583 avaras
1250 2542 1447 2584 benedicit
1772 2542 1876 2596 [mae
1900 2555 2014 2592 suae,

1024 2607 1153 2661 [dam]
1174 2610 1332 2660 spernit
1351 2608 1537 2648 Jehovam
1561 2620 1572 2648 .·

889 2733 1125 2787 []][mpius
1143 2738 1187 2776 in
1207 2736 1397 2789 superbia·
1430 2736 1589 2789 furoris
1618 2741 1682 2778 sai
1706 2739 1835 2788 [dicit]
1857 2751 1864 2777 :
1890 2751 1908 2777 ((
1932 2750 2016 2777 vnon

1022 2814 1041 2839 »
1074 2813 1157 2841 non
1179 2807 1235 2841 est
1260 2801 1356 2842 deus
1378 2804 1393 2842 l
1414 2816 1432 2840 »
1667 2802 1898 2856 [vindicans
1914 2803 2016 2854 [estll

1018 2862 1114 2917 [hae
1134 2867 1254 2918 sam]
1285 2879 1422 2907 onmes
1443 2869 1712 2919 coyaatmnes
1733 2869 1835 2919 ejas.

888 2992 899 3039 [
919 2992 948 3040 ³]
969 2997 1189 3036 Contortae
1205 3003 1305 3037 sam
1324 2999 1409 3037 viae
1426 2996 1511 3050 ejus
1528 3000 1571 3036 m
1592 3000 1703 3036 omni
1726 3004 1915 3049 tempore,
1941 2997 1986 3047 (³)

1017 3057 1194 3100 altitudo
1206 3061 1210 3112 ξ
1220 3061 1499 3114 ειιηιῃάάίεῑά
1509 3067 1580 3102 [αα
1592 3060 1683 3113 plus
1696 3074 1820 3116 quam
1830 3073 2013 3114 conspec-

1017 3135 1153 3164 omnes
1166 3122 1296 3165 hostes
1310 3128 1388 3171 sui,
1406 3125 1589 3179 insufflat
1609 3128 1652 3166 in
1668 3130 1788 3178 ipsos.
1812 3127 1895 3179 [tas
1910 3127 2010 3177 ejas,

297 3257 347 3305 ·(1)
367 3258 429 3290 Les
462 3259 549 3290 LXX
584 3261 645 3305 ont
674 3260 708 3292 lu
730 3256 859 3292 »moreh
882 3270 971 3306 pour
994 3259 1147 3294 morah:
1174 3267 1261 3297 mais
1286 3265 1318 3298 S.
1351 3267 1504 3307 ,lei-ome,
1533 3270 1637 3308 apres
1663 3267 1804 3308 Aquila,
1822 3266 2013 3299 traduisait

250 3297 350 3338 deJa:
372 3306 466 3339 pone
487 3299 638 3331 Domzne
660 3302 838 3333 terrorem
854 3309 916 3336 ezs.
