<?xml version="1.0" encoding="UTF-8"?>
<!DOCTYPE html PUBLIC "-//W3C//DTD XHTML 1.0 Transitional//EN"
    "http://www.w3.org/TR/xhtml1/DTD/xhtml1-transitional.dtd">
<html xmlns="http://www.w3.org/1999/xhtml" xml:lang="en" lang="en">
 <head>
  <title>
</title>
<meta http-equiv="Content-Type" content="text/html;charset=utf-8" />
  <meta name='ocr-system' content='tesseract 3.04.00' />
  <meta name='ocr-capabilities' content='ocr_page ocr_carea ocr_par ocr_line ocrx_word'/>
</head>
<body>
  <div class='ocr_page' id='page_1' title='image "./psalteriumjuxtah00pann_0210.png"; bbox 0 0 2243 3568; ppageno 0'>
   <div class='ocr_carea' id='block_1_1' title="bbox 233 237 801 1071">
    <p class='ocr_par' dir='ltr' id='par_1_1' title="bbox 235 237 801 381">
     <span class='ocr_line' id='line_1_1' title="bbox 235 237 801 282; baseline -0.009 -6"><span class='ocrx_word' id='word_1_1' title='bbox 235 241 446 282; x_wconf 80' lang='lat' dir='ltr'>deliciant;</span> <span class='ocrx_word' id='word_1_2' title='bbox 475 239 576 274; x_wconf 86' lang='lat' dir='ltr'>sieut</span> <span class='ocrx_word' id='word_1_3' title='bbox 607 237 694 272; x_wconf 88' lang='lat' dir='ltr'>fluit</span> <span class='ocrx_word' id='word_1_4' title='bbox 713 247 801 272; x_wconf 84' lang='lat' dir='ltr'>cera</span> 
     </span>
     <span class='ocr_line' id='line_1_2' title="bbox 235 286 801 332; baseline -0.009 -8"><span class='ocrx_word' id='word_1_5' title='bbox 235 299 255 323; x_wconf 87' lang='lat' dir='ltr'>a</span> <span class='ocrx_word' id='word_1_6' title='bbox 276 288 371 323; x_wconf 77' lang='lat' dir='ltr'>facie</span> <span class='ocrx_word' id='word_1_7' title='bbox 400 287 517 332; x_wconf 76' lang='lat' dir='ltr'>ignis,</span> <span class='ocrx_word' id='word_1_8' title='bbox 553 286 610 320; x_wconf 83' lang='lat' dir='ltr'>sie</span> <span class='ocrx_word' id='word_1_9' title='bbox 639 288 801 330; x_wconf 88' lang='lat' dir='ltr'>pereant</span> 
     </span>
     <span class='ocr_line' id='line_1_3' title="bbox 238 332 750 381; baseline -0.01 -10"><span class='ocrx_word' id='word_1_10' title='bbox 238 339 460 381; x_wconf 76' lang='lat' dir='ltr'>peccatores</span> <span class='ocrx_word' id='word_1_11' title='bbox 487 344 508 368; x_wconf 93' lang='lat' dir='ltr'>a</span> <span class='ocrx_word' id='word_1_12' title='bbox 544 333 638 368; x_wconf 81' lang='lat' dir='ltr'>faeie</span> <span class='ocrx_word' id='word_1_13' title='bbox 670 332 750 367; x_wconf 88' lang='lat' dir='ltr'>Dei.</span> 
     </span>
    </p>

    <p class='ocr_par' dir='ltr' id='par_1_2' title="bbox 235 391 801 571">
     <span class='ocr_line' id='line_1_4' title="bbox 281 391 801 438; baseline -0.01 -10"><span class='ocrx_word' id='word_1_14' title='bbox 281 394 313 428; x_wconf 79' lang='lat'>4.</span> <span class='ocrx_word' id='word_1_15' title='bbox 340 395 379 428; x_wconf 85' lang='lat' dir='ltr'>Et</span> <span class='ocrx_word' id='word_1_16' title='bbox 397 391 494 438; x_wconf 87' lang='lat' dir='ltr'>justi</span> <span class='ocrx_word' id='word_1_17' title='bbox 523 391 746 436; x_wconf 83' lang='lat' dir='ltr'>epulentur.</span> <span class='ocrx_word' id='word_1_18' title='bbox 763 393 801 426; x_wconf 85' lang='lat' dir='ltr'>et</span> 
     </span>
     <span class='ocr_line' id='line_1_5' title="bbox 236 440 799 483; baseline -0.007 -7"><span class='ocrx_word' id='word_1_19' title='bbox 236 441 413 476; x_wconf 78' lang='lat' dir='ltr'>exultent</span> <span class='ocrx_word' id='word_1_20' title='bbox 491 440 528 474; x_wconf 89' lang='lat' dir='ltr'>in</span> <span class='ocrx_word' id='word_1_21' title='bbox 587 441 799 483; x_wconf 84' lang='lat' dir='ltr'>conspectu</span> 
     </span>
     <span class='ocr_line' id='line_1_6' title="bbox 242 486 798 523; baseline -0.005 0"><span class='ocrx_word' id='word_1_22' title='bbox 242 489 328 523; x_wconf 76' lang='lat' dir='ltr'>Dei:</span> <span class='ocrx_word' id='word_1_23' title='bbox 359 490 377 506; x_wconf 30' lang='grc' dir='ltr'><strong><em>ἢ</em></strong></span> <span class='ocrx_word' id='word_1_24' title='bbox 408 490 445 522; x_wconf 83' lang='lat' dir='ltr'>et</span> <span class='ocrx_word' id='word_1_25' title='bbox 477 486 722 522; x_wconf 72' lang='lat' dir='ltr'>delectentur</span> <span class='ocrx_word' id='word_1_26' title='bbox 760 486 798 520; x_wconf 90' lang='lat' dir='ltr'>in</span> 
     </span>
     <span class='ocr_line' id='line_1_7' title="bbox 235 535 386 571; baseline -0.007 -1"><span class='ocrx_word' id='word_1_27' title='bbox 235 535 386 571; x_wconf 56' lang='lat' dir='ltr'>ltetitia.</span> 
     </span>
    </p>

    <p class='ocr_par' dir='ltr' id='par_1_3' title="bbox 233 591 798 922">
     <span class='ocr_line' id='line_1_8' title="bbox 280 591 798 636; baseline -0.006 -7"><span class='ocrx_word' id='word_1_28' title='bbox 280 595 313 629; x_wconf 62' lang='grc' dir='ltr'>εἷ’).</span> <span class='ocrx_word' id='word_1_29' title='bbox 360 593 521 628; x_wconf 88' lang='lat' dir='ltr'>Cantate</span> <span class='ocrx_word' id='word_1_30' title='bbox 563 593 651 631; x_wconf 78' lang='lat' dir='ltr'>Deo,</span> <span class='ocrx_word' id='word_1_31' title='bbox 693 591 798 636; x_wconf 89' lang='lat' dir='ltr'>psal—</span> 
     </span>
     <span class='ocr_line' id='line_1_9' title="bbox 234 639 797 684; baseline -0.005 -9"><span class='ocrx_word' id='word_1_32' title='bbox 234 652 338 676; x_wconf 90' lang='lat' dir='ltr'>mum</span> <span class='ocrx_word' id='word_1_33' title='bbox 358 640 476 676; x_wconf 84' lang='lat' dir='ltr'>dicite</span> <span class='ocrx_word' id='word_1_34' title='bbox 498 639 647 674; x_wconf 89' lang='lat' dir='ltr'>nomini</span> <span class='ocrx_word' id='word_1_35' title='bbox 667 640 752 684; x_wconf 85' lang='lat' dir='ltr'>ejus</span> <span class='ocrx_word' id='word_1_36' title='bbox 766 640 797 673; x_wconf 59' lang='grc' dir='ltr'>ς*</span> 
     </span>
     <span class='ocr_line' id='line_1_10' title="bbox 234 686 796 732; baseline -0.005 -9"><span class='ocrx_word' id='word_1_37' title='bbox 234 690 307 724; x_wconf 84' lang='lat' dir='ltr'>iter</span> <span class='ocrx_word' id='word_1_38' title='bbox 330 688 444 723; x_wconf 77' lang='lat' dir='ltr'>tacite</span> <span class='ocrx_word' id='word_1_39' title='bbox 466 687 512 725; x_wconf 77' lang='lat' dir='ltr'>ei,</span> <span class='ocrx_word' id='word_1_40' title='bbox 535 687 601 732; x_wconf 87' lang='lat' dir='ltr'>qui</span> <span class='ocrx_word' id='word_1_41' title='bbox 619 686 796 721; x_wconf 85' lang='lat' dir='ltr'>aseendit</span> 
     </span>
     <span class='ocr_line' id='line_1_11' title="bbox 234 733 797 781; baseline -0.005 -10"><span class='ocrx_word' id='word_1_42' title='bbox 234 747 351 781; x_wconf 84' lang='lat' dir='ltr'>super</span> <span class='ocrx_word' id='word_1_43' title='bbox 373 745 552 770; x_wconf 80' lang='lat' dir='ltr'>occasum</span> <span class='ocrx_word' id='word_1_44' title='bbox 572 745 579 776; x_wconf 85' lang='lat'><em>;</em></span> <span class='ocrx_word' id='word_1_45' title='bbox 609 733 797 768; x_wconf 76' lang='lat' dir='ltr'>Dominus</span> 
     </span>
     <span class='ocr_line' id='line_1_12' title="bbox 235 781 796 818; baseline -0.005 0"><span class='ocrx_word' id='word_1_46' title='bbox 235 794 374 818; x_wconf 87' lang='lat' dir='ltr'>nomen</span> <span class='ocrx_word' id='word_1_47' title='bbox 426 782 496 816; x_wconf 93' lang='lat' dir='ltr'>illi.</span> <span class='ocrx_word' id='word_1_48' title='bbox 539 782 721 816; x_wconf 78' lang='lat' dir='ltr'>Exultate</span> <span class='ocrx_word' id='word_1_49' title='bbox 758 781 796 815; x_wconf 78' lang='lat' dir='ltr'>iu</span> 
     </span>
     <span class='ocr_line' id='line_1_13' title="bbox 233 826 796 875; baseline -0.005 -10"><span class='ocrx_word' id='word_1_50' title='bbox 233 834 444 875; x_wconf 78' lang='lat' dir='ltr'>conspectu</span> <span class='ocrx_word' id='word_1_51' title='bbox 482 826 581 874; x_wconf 75' lang='lat' dir='ltr'>ejus,</span> <span class='ocrx_word' id='word_1_52' title='bbox 606 834 623 851; x_wconf 62' lang='grc'><em>*</em></span> <span class='ocrx_word' id='word_1_53' title='bbox 662 828 796 863; x_wconf 90' lang='lat' dir='ltr'>turba-</span> 
     </span>
     <span class='ocr_line' id='line_1_14' title="bbox 235 874 660 922; baseline -0.009 -9"><span class='ocrx_word' id='word_1_54' title='bbox 235 879 383 913; x_wconf 90' lang='lat' dir='ltr'>buntur</span> <span class='ocrx_word' id='word_1_55' title='bbox 402 888 422 912; x_wconf 91' lang='lat' dir='ltr'>a</span> <span class='ocrx_word' id='word_1_56' title='bbox 448 877 541 911; x_wconf 70' lang='lat' dir='ltr'>Facie</span> <span class='ocrx_word' id='word_1_57' title='bbox 560 874 660 922; x_wconf 86' lang='lat' dir='ltr'>ejus.</span> 
     </span>
    </p>

    <p class='ocr_par' dir='ltr' id='par_1_4' title="bbox 235 935 797 1071">
     <span class='ocr_line' id='line_1_15' title="bbox 280 935 794 979; baseline -0.008 -9"><span class='ocrx_word' id='word_1_58' title='bbox 280 937 312 971; x_wconf 76' lang='grc' dir='ltr'>Ο.</span> <span class='ocrx_word' id='word_1_59' title='bbox 360 936 485 970; x_wconf 84' lang='lat' dir='ltr'>Patris</span> <span class='ocrx_word' id='word_1_60' title='bbox 516 935 794 979; x_wconf 74' lang='lat' dir='ltr'>orphanorum,</span> 
     </span>
     <span class='ocr_line' id='line_1_16' title="bbox 235 982 797 1029; baseline -0.005 -10"><span class='ocrx_word' id='word_1_61' title='bbox 235 987 271 1019; x_wconf 85' lang='lat' dir='ltr'>et</span> <span class='ocrx_word' id='word_1_62' title='bbox 289 982 434 1029; x_wconf 79' lang='lat' dir='ltr'>judicis</span> <span class='ocrx_word' id='word_1_63' title='bbox 453 983 673 1018; x_wconf 84' lang='lat' dir='ltr'>viduarum.</span> <span class='ocrx_word' id='word_1_64' title='bbox 695 982 797 1016; x_wconf 82' lang='lat' dir='ltr'>Deus</span> 
     </span>
     <span class='ocr_line' id='line_1_17' title="bbox 237 1032 645 1071; baseline -0.005 -5"><span class='ocrx_word' id='word_1_65' title='bbox 237 1033 275 1066; x_wconf 93' lang='lat' dir='ltr'>in</span> <span class='ocrx_word' id='word_1_66' title='bbox 298 1032 380 1066; x_wconf 69' lang='lat' dir='ltr'>loro</span> <span class='ocrx_word' id='word_1_67' title='bbox 402 1034 536 1066; x_wconf 76' lang='lat' dir='ltr'>saneta</span> <span class='ocrx_word' id='word_1_68' title='bbox 552 1040 645 1071; x_wconf 87' lang='lat' dir='ltr'>suo;</span> 
     </span>
    </p>
   </div>
   <div class='ocr_carea' id='block_1_2' title="bbox 281 1088 855 1134">
    <p class='ocr_par' dir='ltr' id='par_1_5' title="bbox 281 1088 855 1134">
     <span class='ocr_line' id='line_1_18' title="bbox 281 1088 855 1134; baseline -0.01 -9"><span class='ocrx_word' id='word_1_69' title='bbox 281 1091 313 1125; x_wconf 82' lang='lat'>7.</span> <span class='ocrx_word' id='word_1_70' title='bbox 340 1089 537 1134; x_wconf 75' lang='lat' dir='ltr'>Dcus,qui</span> <span class='ocrx_word' id='word_1_71' title='bbox 579 1088 798 1123; x_wconf 85' lang='lat' dir='ltr'>inhabitare</span> <span class='ocrx_word' id='word_1_72' title='bbox 851 1116 855 1119; x_wconf 87' lang='lat'>.</span> 
     </span>
    </p>
   </div>
   <div class='ocr_carea' id='block_1_3' title="bbox 235 1136 798 2014">
    <p class='ocr_par' dir='ltr' id='par_1_6' title="bbox 235 1136 797 1372">
     <span class='ocr_line' id='line_1_19' title="bbox 236 1136 795 1176; baseline -0.007 -3"><span class='ocrx_word' id='word_1_73' title='bbox 236 1138 324 1173; x_wconf 83' lang='lat' dir='ltr'>lacit</span> <span class='ocrx_word' id='word_1_74' title='bbox 343 1138 461 1172; x_wconf 85' lang='lat' dir='ltr'>unius</span> <span class='ocrx_word' id='word_1_75' title='bbox 479 1137 597 1171; x_wconf 72' lang='lat' dir='ltr'>moris</span> <span class='ocrx_word' id='word_1_76' title='bbox 614 1137 652 1170; x_wconf 89' lang='lat' dir='ltr'>in</span> <span class='ocrx_word' id='word_1_77' title='bbox 669 1136 795 1176; x_wconf 85' lang='lat' dir='ltr'>domo;</span> 
     </span>
     <span class='ocr_line' id='line_1_20' title="bbox 236 1184 795 1229; baseline -0.004 -10"><span class='ocrx_word' id='word_1_78' title='bbox 236 1186 305 1229; x_wconf 82' lang='lat' dir='ltr'>Qui</span> <span class='ocrx_word' id='word_1_79' title='bbox 330 1185 460 1220; x_wconf 78' lang='lat' dir='ltr'>educit</span> <span class='ocrx_word' id='word_1_80' title='bbox 482 1185 634 1219; x_wconf 85' lang='lat' dir='ltr'>vinctos</span> <span class='ocrx_word' id='word_1_81' title='bbox 662 1184 699 1217; x_wconf 90' lang='lat' dir='ltr'>in</span> <span class='ocrx_word' id='word_1_82' title='bbox 723 1184 795 1218; x_wconf 75' lang='lat' dir='ltr'>tor-</span> 
     </span>
     <span class='ocr_line' id='line_1_21' title="bbox 237 1231 797 1272; baseline -0.005 -4"><span class='ocrx_word' id='word_1_83' title='bbox 237 1233 420 1272; x_wconf 74' lang='lat' dir='ltr'>titudine,</span> <span class='ocrx_word' id='word_1_84' title='bbox 515 1231 698 1266; x_wconf 88' lang='lat' dir='ltr'>similiter</span> <span class='ocrx_word' id='word_1_85' title='bbox 733 1241 797 1265; x_wconf 78' lang='lat' dir='ltr'>eos</span> 
     </span>
     <span class='ocr_line' id='line_1_22' title="bbox 235 1278 795 1326; baseline -0.005 -11"><span class='ocrx_word' id='word_1_86' title='bbox 235 1280 300 1326; x_wconf 84' lang='lat' dir='ltr'>qui</span> <span class='ocrx_word' id='word_1_87' title='bbox 324 1282 572 1325; x_wconf 77' lang='lat' dir='ltr'>exasperant,</span> <span class='ocrx_word' id='word_1_88' title='bbox 592 1279 658 1324; x_wconf 91' lang='lat' dir='ltr'>qui</span> <span class='ocrx_word' id='word_1_89' title='bbox 692 1278 795 1313; x_wconf 89' lang='lat' dir='ltr'>habi-</span> 
     </span>
     <span class='ocr_line' id='line_1_23' title="bbox 236 1327 607 1372; baseline -0.005 -9"><span class='ocrx_word' id='word_1_90' title='bbox 236 1331 319 1364; x_wconf 88' lang='lat' dir='ltr'>tant</span> <span class='ocrx_word' id='word_1_91' title='bbox 340 1328 378 1362; x_wconf 93' lang='lat' dir='ltr'>in</span> <span class='ocrx_word' id='word_1_92' title='bbox 401 1327 607 1372; x_wconf 79' lang='lat' dir='ltr'>sepulcris.</span> 
     </span>
    </p>

    <p class='ocr_par' dir='ltr' id='par_1_7' title="bbox 235 1384 798 1567">
     <span class='ocr_line' id='line_1_24' title="bbox 280 1384 798 1431; baseline -0.008 -9"><span class='ocrx_word' id='word_1_93' title='bbox 280 1387 313 1422; x_wconf 82' lang='lat'>8.</span> <span class='ocrx_word' id='word_1_94' title='bbox 328 1387 429 1421; x_wconf 88' lang='lat' dir='ltr'>Deus</span> <span class='ocrx_word' id='word_1_95' title='bbox 448 1396 535 1421; x_wconf 89' lang='lat' dir='ltr'>cum</span> <span class='ocrx_word' id='word_1_96' title='bbox 555 1384 798 1431; x_wconf 78' lang='lat' dir='ltr'>egredereris</span> 
     </span>
     <span class='ocr_line' id='line_1_25' title="bbox 237 1433 798 1479; baseline 0 -11"><span class='ocrx_word' id='word_1_97' title='bbox 237 1434 275 1469; x_wconf 90' lang='lat' dir='ltr'>in</span> <span class='ocrx_word' id='word_1_98' title='bbox 298 1437 509 1479; x_wconf 81' lang='lat' dir='ltr'>conspectu</span> <span class='ocrx_word' id='word_1_99' title='bbox 529 1433 660 1479; x_wconf 86' lang='lat' dir='ltr'>populi</span> <span class='ocrx_word' id='word_1_100' title='bbox 685 1433 755 1468; x_wconf 82' lang='lat' dir='ltr'>tui.</span> <span class='ocrx_word' id='word_1_101' title='bbox 779 1433 798 1450; x_wconf 85' lang='lat'><em>*</em></span> 
     </span>
     <span class='ocr_line' id='line_1_26' title="bbox 235 1480 798 1527; baseline -0.002 -12"><span class='ocrx_word' id='word_1_102' title='bbox 235 1492 322 1516; x_wconf 78' lang='lat' dir='ltr'>cum</span> <span class='ocrx_word' id='word_1_103' title='bbox 357 1482 621 1527; x_wconf 71' lang='lat' dir='ltr'>pertransires</span> <span class='ocrx_word' id='word_1_104' title='bbox 659 1480 697 1514; x_wconf 92' lang='lat' dir='ltr'>in</span> <span class='ocrx_word' id='word_1_105' title='bbox 731 1481 798 1515; x_wconf 89' lang='lat' dir='ltr'>de—</span> 
     </span>
     <span class='ocr_line' id='line_1_27' title="bbox 236 1533 366 1567; baseline -0.015 -3"><span class='ocrx_word' id='word_1_106' title='bbox 236 1533 341 1564; x_wconf 87' lang='lat' dir='ltr'>serto</span> <span class='ocrx_word' id='word_1_107' title='bbox 359 1540 366 1567; x_wconf 87' lang='grc'>;</span> 
     </span>
    </p>

    <p class='ocr_par' dir='ltr' id='par_1_8' title="bbox 235 1588 798 1765">
     <span class='ocr_line' id='line_1_28' title="bbox 279 1588 797 1625; baseline -0.002 -3"><span class='ocrx_word' id='word_1_108' title='bbox 279 1590 313 1623; x_wconf 71' lang='lat' dir='ltr'>a.</span> <span class='ocrx_word' id='word_1_109' title='bbox 334 1588 465 1622; x_wconf 88' lang='lat' dir='ltr'>Terra·</span> <span class='ocrx_word' id='word_1_110' title='bbox 489 1591 591 1623; x_wconf 82' lang='lat' dir='ltr'>mota</span> <span class='ocrx_word' id='word_1_111' title='bbox 623 1589 694 1625; x_wconf 75' lang='lat' dir='ltr'>est,</span> <span class='ocrx_word' id='word_1_112' title='bbox 718 1590 797 1621; x_wconf 83' lang='lat' dir='ltr'>ete-</span> 
     </span>
     <span class='ocr_line' id='line_1_29' title="bbox 235 1635 796 1671; baseline -0.004 -1"><span class='ocrx_word' id='word_1_113' title='bbox 235 1636 314 1670; x_wconf 89' lang='lat' dir='ltr'>nim</span> <span class='ocrx_word' id='word_1_114' title='bbox 340 1635 425 1671; x_wconf 72' lang='lat' dir='ltr'>coeli</span> <span class='ocrx_word' id='word_1_115' title='bbox 454 1635 750 1670; x_wconf 73' lang='lat' dir='ltr'>distillaverunt</span> <span class='ocrx_word' id='word_1_116' title='bbox 777 1645 796 1668; x_wconf 88' lang='lat' dir='ltr'>a</span> 
     </span>
     <span class='ocr_line' id='line_1_30' title="bbox 237 1681 798 1724; baseline -0.002 -7"><span class='ocrx_word' id='word_1_117' title='bbox 237 1684 333 1718; x_wconf 76' lang='lat' dir='ltr'>faeie</span> <span class='ocrx_word' id='word_1_118' title='bbox 353 1683 416 1718; x_wconf 78' lang='lat' dir='ltr'>nei</span> <span class='ocrx_word' id='word_1_119' title='bbox 453 1683 577 1724; x_wconf 67' lang='lat' dir='ltr'>Sinai,</span> <span class='ocrx_word' id='word_1_120' title='bbox 601 1687 620 1704; x_wconf 38' lang='grc' dir='ltr'>ἦ(</span> <span class='ocrx_word' id='word_1_121' title='bbox 653 1693 673 1717; x_wconf 92' lang='lat' dir='ltr'>a</span> <span class='ocrx_word' id='word_1_122' title='bbox 702 1681 798 1716; x_wconf 70' lang='lat' dir='ltr'>facie</span> 
     </span>
     <span class='ocr_line' id='line_1_31' title="bbox 239 1731 460 1765; baseline 0 0"><span class='ocrx_word' id='word_1_123' title='bbox 239 1731 303 1765; x_wconf 83' lang='lat' dir='ltr'>Dei</span> <span class='ocrx_word' id='word_1_124' title='bbox 328 1731 460 1765; x_wconf 82' lang='lat' dir='ltr'>lsrael.</span> 
     </span>
    </p>

    <p class='ocr_par' dir='ltr' id='par_1_9' title="bbox 236 1788 798 2014">
     <span class='ocr_line' id='line_1_32' title="bbox 288 1788 782 1824; baseline -0.002 -1"><span class='ocrx_word' id='word_1_125' title='bbox 288 1790 338 1824; x_wconf 81' lang='lat'>10.</span> <span class='ocrx_word' id='word_1_126' title='bbox 389 1789 562 1824; x_wconf 73' lang='lat' dir='ltr'>Pluviam</span> <span class='ocrx_word' id='word_1_127' title='bbox 622 1788 782 1823; x_wconf 78' lang='lat' dir='ltr'>volunta</span> 
     </span>
     <span class='ocr_line' id='line_1_33' title="bbox 240 1836 797 1882; baseline -0.004 -11"><span class='ocrx_word' id='word_1_128' title='bbox 240 1837 336 1871; x_wconf 91' lang='lat' dir='ltr'>riam</span> <span class='ocrx_word' id='word_1_129' title='bbox 382 1836 624 1882; x_wconf 74' lang='lat' dir='ltr'>segregabis,</span> <span class='ocrx_word' id='word_1_130' title='bbox 682 1836 797 1875; x_wconf 83' lang='lat' dir='ltr'>Deus,</span> 
     </span>
     <span class='ocr_line' id='line_1_34' title="bbox 237 1883 798 1925; baseline -0.005 -6"><span class='ocrx_word' id='word_1_131' title='bbox 237 1884 457 1919; x_wconf 54' lang='lat' dir='ltr'>hiereditati</span> <span class='ocrx_word' id='word_1_132' title='bbox 482 1887 557 1918; x_wconf 57' lang='lat' dir='ltr'>tuin</span> <span class='ocrx_word' id='word_1_133' title='bbox 580 1887 622 1925; x_wconf 45' lang='lat' dir='ltr'><strong><em>ff</em></strong></span> <span class='ocrx_word' id='word_1_134' title='bbox 637 1887 673 1918; x_wconf 85' lang='lat' dir='ltr'>et</span> <span class='ocrx_word' id='word_1_135' title='bbox 693 1883 798 1917; x_wconf 84' lang='lat' dir='ltr'>intir-</span> 
     </span>
     <span class='ocr_line' id='line_1_35' title="bbox 236 1930 798 1975; baseline -0.004 -10"><span class='ocrx_word' id='word_1_136' title='bbox 236 1935 338 1966; x_wconf 84' lang='lat' dir='ltr'>mata</span> <span class='ocrx_word' id='word_1_137' title='bbox 373 1935 445 1967; x_wconf 80' lang='lat' dir='ltr'>est.</span> <span class='ocrx_word' id='word_1_138' title='bbox 480 1934 520 1965; x_wconf 89' lang='lat' dir='ltr'>tu</span> <span class='ocrx_word' id='word_1_139' title='bbox 555 1941 645 1965; x_wconf 84' lang='lat' dir='ltr'>vero</span> <span class='ocrx_word' id='word_1_140' title='bbox 679 1930 798 1975; x_wconf 78' lang='lat' dir='ltr'>perle-</span> 
     </span>
     <span class='ocr_line' id='line_1_36' title="bbox 236 1979 444 2014; baseline -0.014 0"><span class='ocrx_word' id='word_1_141' title='bbox 236 1979 325 2014; x_wconf 88' lang='lat' dir='ltr'>cisti</span> <span class='ocrx_word' id='word_1_142' title='bbox 348 1989 444 2013; x_wconf 86' lang='lat' dir='ltr'>eam.</span> 
     </span>
    </p>
   </div>
   <div class='ocr_carea' id='block_1_4' title="bbox 239 2037 800 2215">
    <p class='ocr_par' dir='ltr' id='par_1_10' title="bbox 239 2037 800 2215">
     <span class='ocr_line' id='line_1_37' title="bbox 286 2037 799 2072; baseline 0 0"><span class='ocrx_word' id='word_1_143' title='bbox 286 2037 339 2072; x_wconf 87' lang='lat'>11.</span> <span class='ocrx_word' id='word_1_144' title='bbox 369 2037 564 2072; x_wconf 84' lang='lat' dir='ltr'>Animalia</span> <span class='ocrx_word' id='word_1_145' title='bbox 598 2040 661 2072; x_wconf 91' lang='lat' dir='ltr'>tua</span> <span class='ocrx_word' id='word_1_146' title='bbox 695 2037 799 2072; x_wconf 88' lang='lat' dir='ltr'>habi-</span> 
     </span>
     <span class='ocr_line' id='line_1_38' title="bbox 241 2084 800 2130; baseline -0.004 -10"><span class='ocrx_word' id='word_1_147' title='bbox 241 2085 381 2120; x_wconf 88' lang='lat' dir='ltr'>tabunt</span> <span class='ocrx_word' id='word_1_148' title='bbox 416 2085 455 2119; x_wconf 94' lang='lat' dir='ltr'>in</span> <span class='ocrx_word' id='word_1_149' title='bbox 486 2095 559 2126; x_wconf 83' lang='lat' dir='ltr'>ea;</span> <span class='ocrx_word' id='word_1_150' title='bbox 599 2089 616 2106; x_wconf 34' lang='grc' dir='ltr'>π</span> <span class='ocrx_word' id='word_1_151' title='bbox 653 2084 800 2130; x_wconf 86' lang='lat' dir='ltr'>parasti</span> 
     </span>
     <span class='ocr_line' id='line_1_39' title="bbox 239 2132 799 2215; baseline -0.002 -48"><span class='ocrx_word' id='word_1_152' title='bbox 239 2132 280 2215; x_wconf 49' lang='lat' dir='ltr'>{jn</span> <span class='ocrx_word' id='word_1_153' title='bbox 303 2132 510 2167; x_wconf 82' lang='lat' dir='ltr'>dulcedine</span> <span class='ocrx_word' id='word_1_154' title='bbox 533 2135 596 2167; x_wconf 88' lang='lat' dir='ltr'>tua</span> <span class='ocrx_word' id='word_1_155' title='bbox 624 2132 799 2177; x_wconf 82' lang='lat' dir='ltr'>pauperi,</span> 
     </span>
    </p>

    <p class='ocr_par' dir='ltr' id='par_1_11' title="bbox 271 2189 354 2215">
     <span class='ocr_line' id='line_1_40' title="bbox 271 2189 354 2215; baseline -0.012 0"><span class='ocrx_word' id='word_1_156' title='bbox 271 2189 354 2215; x_wconf 91' lang='lat' dir='ltr'>eus.</span> 
     </span>
    </p>
   </div>
   <div class='ocr_carea' id='block_1_5' title="bbox 239 2238 802 2369">
    <p class='ocr_par' dir='ltr' id='par_1_12' title="bbox 239 2238 802 2369">
     <span class='ocr_line' id='line_1_41' title="bbox 285 2238 801 2273; baseline 0.002 -1"><span class='ocrx_word' id='word_1_157' title='bbox 285 2239 340 2273; x_wconf 76' lang='lat'>12.</span> <span class='ocrx_word' id='word_1_158' title='bbox 367 2239 554 2273; x_wconf 79' lang='lat' dir='ltr'>Dominus</span> <span class='ocrx_word' id='word_1_159' title='bbox 584 2238 690 2273; x_wconf 88' lang='lat' dir='ltr'>dabit</span> <span class='ocrx_word' id='word_1_160' title='bbox 714 2249 801 2273; x_wconf 80' lang='lat' dir='ltr'>ver—</span> 
     </span>
     <span class='ocr_line' id='line_1_42' title="bbox 239 2286 802 2331; baseline 0 -10"><span class='ocrx_word' id='word_1_161' title='bbox 239 2287 330 2321; x_wconf 92' lang='lat' dir='ltr'>bum</span> <span class='ocrx_word' id='word_1_162' title='bbox 369 2286 747 2331; x_wconf 76' lang='lat' dir='ltr'>evangelizantibus,</span> <span class='ocrx_word' id='word_1_163' title='bbox 782 2286 802 2305; x_wconf 81' lang='lat'><em>*</em></span> 
     </span>
     <span class='ocr_line' id='line_1_43' title="bbox 239 2334 545 2369; baseline -0.007 0"><span class='ocrx_word' id='word_1_164' title='bbox 239 2334 386 2369; x_wconf 82' lang='lat' dir='ltr'>virtute</span> <span class='ocrx_word' id='word_1_165' title='bbox 409 2337 545 2368; x_wconf 87' lang='lat' dir='ltr'>multa.</span> 
     </span>
    </p>
   </div>
   <div class='ocr_carea' id='block_1_6' title="bbox 237 2392 800 2781">
    <p class='ocr_par' dir='ltr' id='par_1_13' title="bbox 237 2392 800 2533">
     <span class='ocr_line' id='line_1_44' title="bbox 285 2392 799 2428; baseline -0.004 0"><span class='ocrx_word' id='word_1_166' title='bbox 285 2393 330 2428; x_wconf 79' lang='lat'>13</span> <span class='ocrx_word' id='word_1_167' title='bbox 362 2393 441 2428; x_wconf 83' lang='lat' dir='ltr'>Rex</span> <span class='ocrx_word' id='word_1_168' title='bbox 454 2392 647 2427; x_wconf 81' lang='lat' dir='ltr'>virtutum</span> <span class='ocrx_word' id='word_1_169' title='bbox 666 2392 799 2428; x_wconf 75' lang='lat' dir='ltr'>dilecti</span> 
     </span>
     <span class='ocr_line' id='line_1_45' title="bbox 237 2440 800 2485; baseline 0 -10"><span class='ocrx_word' id='word_1_170' title='bbox 237 2441 369 2476; x_wconf 80' lang='lat' dir='ltr'>dilecti</span> <span class='ocrx_word' id='word_1_171' title='bbox 387 2451 394 2483; x_wconf 89' lang='lat'>;</span> <span class='ocrx_word' id='word_1_172' title='bbox 411 2440 431 2459; x_wconf 38' lang='grc' dir='ltr'><strong>ἦ</strong></span> <span class='ocrx_word' id='word_1_173' title='bbox 447 2443 483 2475; x_wconf 85' lang='lat' dir='ltr'>et</span> <span class='ocrx_word' id='word_1_174' title='bbox 505 2440 645 2485; x_wconf 84' lang='lat' dir='ltr'>speciei</span> <span class='ocrx_word' id='word_1_175' title='bbox 661 2440 800 2475; x_wconf 87' lang='lat' dir='ltr'>domus</span> 
     </span>
     <span class='ocr_line' id='line_1_46' title="bbox 237 2487 570 2533; baseline -0.003 -11"><span class='ocrx_word' id='word_1_176' title='bbox 237 2488 413 2523; x_wconf 85' lang='lat' dir='ltr'>dividere</span> <span class='ocrx_word' id='word_1_177' title='bbox 433 2487 570 2533; x_wconf 83' lang='lat' dir='ltr'>spolia.</span> 
     </span>
    </p>

    <p class='ocr_par' dir='ltr' id='par_1_14' title="bbox 238 2546 800 2781">
     <span class='ocr_line' id='line_1_47' title="bbox 289 2546 800 2582; baseline 0.002 -1"><span class='ocrx_word' id='word_1_178' title='bbox 289 2547 345 2581; x_wconf 80' lang='grc'>14.</span> <span class='ocrx_word' id='word_1_179' title='bbox 378 2547 418 2582; x_wconf 87' lang='lat' dir='ltr'>Si</span> <span class='ocrx_word' id='word_1_180' title='bbox 458 2546 663 2582; x_wconf 83' lang='lat' dir='ltr'>dormiatis</span> <span class='ocrx_word' id='word_1_181' title='bbox 698 2546 800 2582; x_wconf 89' lang='lat' dir='ltr'>inter</span> 
     </span>
     <span class='ocr_line' id='line_1_48' title="bbox 239 2594 800 2639; baseline 0.002 -11"><span class='ocrx_word' id='word_1_182' title='bbox 239 2594 386 2629; x_wconf 88' lang='lat' dir='ltr'>medios</span> <span class='ocrx_word' id='word_1_183' title='bbox 411 2596 536 2629; x_wconf 84' lang='lat' dir='ltr'>cleros</span> <span class='ocrx_word' id='word_1_184' title='bbox 567 2604 704 2639; x_wconf 80' lang='lat' dir='ltr'>pennae</span> <span class='ocrx_word' id='word_1_185' title='bbox 736 2605 800 2629; x_wconf 88' lang='lat' dir='ltr'>co-</span> 
     </span>
     <span class='ocr_line' id='line_1_49' title="bbox 240 2642 800 2687; baseline 0.002 -12"><span class='ocrx_word' id='word_1_186' title='bbox 240 2642 381 2676; x_wconf 70' lang='lat' dir='ltr'>lumbffl</span> <span class='ocrx_word' id='word_1_187' title='bbox 433 2642 713 2687; x_wconf 56' lang='lat' dir='ltr'>deargentatae,</span> <span class='ocrx_word' id='word_1_188' title='bbox 781 2642 800 2661; x_wconf 78' lang='lat'><em>*</em></span> 
     </span>
     <span class='ocr_line' id='line_1_50' title="bbox 238 2687 800 2734; baseline 0 -10"><span class='ocrx_word' id='word_1_189' title='bbox 238 2692 276 2724; x_wconf 89' lang='lat' dir='ltr'>et</span> <span class='ocrx_word' id='word_1_190' title='bbox 310 2689 525 2733; x_wconf 88' lang='lat' dir='ltr'>posteriora</span> <span class='ocrx_word' id='word_1_191' title='bbox 570 2689 676 2724; x_wconf 88' lang='lat' dir='ltr'>dorsi</span> <span class='ocrx_word' id='word_1_192' title='bbox 715 2687 800 2734; x_wconf 89' lang='lat' dir='ltr'>ejus</span> 
     </span>
     <span class='ocr_line' id='line_1_51' title="bbox 238 2736 562 2781; baseline -0.003 -11"><span class='ocrx_word' id='word_1_193' title='bbox 238 2736 276 2770; x_wconf 89' lang='lat' dir='ltr'>in</span> <span class='ocrx_word' id='word_1_194' title='bbox 296 2736 442 2781; x_wconf 88' lang='lat' dir='ltr'>pallore</span> <span class='ocrx_word' id='word_1_195' title='bbox 463 2736 562 2771; x_wconf 89' lang='lat' dir='ltr'>auri.</span> 
     </span>
    </p>
   </div>
   <div class='ocr_carea' id='block_1_7' title="bbox 1002 113 1238 154">
    <p class='ocr_par' dir='ltr' id='par_1_15' title="bbox 1002 113 1238 154">
     <span class='ocr_line' id='line_1_52' title="bbox 1002 113 1238 154; baseline 0.008 -2"><span class='ocrx_word' id='word_1_196' title='bbox 1002 113 1238 154; x_wconf 80' lang='lat'>—176—</span> 
     </span>
    </p>
   </div>
   <div class='ocr_carea' id='block_1_8' title="bbox 875 237 2004 485">
    <p class='ocr_par' dir='ltr' id='par_1_16' title="bbox 875 237 2004 485">
     <span class='ocr_line' id='line_1_53' title="bbox 875 237 1496 289; baseline 0.005 -13"><span class='ocrx_word' id='word_1_197' title='bbox 875 237 1058 277; x_wconf 88' lang='lat' dir='ltr'>Pereant</span> <span class='ocrx_word' id='word_1_198' title='bbox 1078 237 1205 289; x_wconf 85' lang='lat' dir='ltr'>impii</span> <span class='ocrx_word' id='word_1_199' title='bbox 1229 249 1250 277; x_wconf 89' lang='lat' dir='ltr'>a</span> <span class='ocrx_word' id='word_1_200' title='bbox 1268 238 1378 278; x_wconf 82' lang='lat' dir='ltr'>faeie</span> <span class='ocrx_word' id='word_1_201' title='bbox 1401 239 1496 279; x_wconf 91' lang='lat' dir='ltr'>Dei.</span> 
     </span>
     <span class='ocr_line' id='line_1_54' title="bbox 876 365 2001 419; baseline 0.004 -12"><span class='ocrx_word' id='word_1_202' title='bbox 876 368 959 408; x_wconf 90' lang='lat' dir='ltr'>Sed</span> <span class='ocrx_word' id='word_1_203' title='bbox 993 369 1097 419; x_wconf 87' lang='lat' dir='ltr'>justi</span> <span class='ocrx_word' id='word_1_204' title='bbox 1135 369 1352 408; x_wconf 86' lang='lat' dir='ltr'>laetentur</span> <span class='ocrx_word' id='word_1_205' title='bbox 1374 365 1445 416; x_wconf 86' lang='lat' dir='ltr'>[et]</span> <span class='ocrx_word' id='word_1_206' title='bbox 1477 369 1676 409; x_wconf 81' lang='lat' dir='ltr'>exultent</span> <span class='ocrx_word' id='word_1_207' title='bbox 1717 376 1815 410; x_wconf 92' lang='lat' dir='ltr'>ante</span> <span class='ocrx_word' id='word_1_208' title='bbox 1846 371 2001 411; x_wconf 74' lang='lat' dir='ltr'>faeiem</span> 
     </span>
     <span class='ocr_line' id='line_1_55' title="bbox 927 433 2004 485; baseline 0.004 -13"><span class='ocrx_word' id='word_1_209' title='bbox 927 439 967 473; x_wconf 89' lang='lat' dir='ltr'>et</span> <span class='ocrx_word' id='word_1_210' title='bbox 987 434 1178 485; x_wconf 77' lang='lat' dir='ltr'>jubilent</span> <span class='ocrx_word' id='word_1_211' title='bbox 1200 434 1244 472; x_wconf 93' lang='lat' dir='ltr'>in</span> <span class='ocrx_word' id='word_1_212' title='bbox 1266 433 1453 484; x_wconf 85' lang='lat' dir='ltr'>gaudio!</span> <span class='ocrx_word' id='word_1_213' title='bbox 1913 437 2004 485; x_wconf 88' lang='lat' dir='ltr'>[Dei</span> 
     </span>
    </p>
   </div>
   <div class='ocr_carea' id='block_1_9' title="bbox 1424 570 1461 609">
    <p class='ocr_par' dir='ltr' id='par_1_17' title="bbox 1424 570 1461 609">
     <span class='ocr_line' id='line_1_56' title="bbox 1424 570 1461 609; baseline 0 0"><span class='ocrx_word' id='word_1_214' title='bbox 1424 570 1461 609; x_wconf 86' lang='lat' dir='ltr'>Il</span> 
     </span>
    </p>
   </div>
   <div class='ocr_carea' id='block_1_10' title="bbox 873 682 2006 1380">
    <p class='ocr_par' dir='ltr' id='par_1_18' title="bbox 873 682 2006 1380">
     <span class='ocr_line' id='line_1_57' title="bbox 873 682 1698 735; baseline 0.002 -14"><span class='ocrx_word' id='word_1_215' title='bbox 873 682 1051 722; x_wconf 89' lang='lat' dir='ltr'>Cantate</span> <span class='ocrx_word' id='word_1_216' title='bbox 1074 683 1174 730; x_wconf 83' lang='lat' dir='ltr'>Deo,</span> <span class='ocrx_word' id='word_1_217' title='bbox 1199 682 1374 733; x_wconf 82' lang='lat' dir='ltr'>psallite</span> <span class='ocrx_word' id='word_1_218' title='bbox 1396 683 1565 723; x_wconf 82' lang='lat' dir='ltr'>nomini</span> <span class='ocrx_word' id='word_1_219' title='bbox 1589 684 1698 735; x_wconf 85' lang='lat' dir='ltr'>ejus,</span> 
     </span>
     <span class='ocr_line' id='line_1_58' title="bbox 925 745 1952 801; baseline 0.002 -14"><span class='ocrx_word' id='word_1_220' title='bbox 925 748 1203 798; x_wconf 76' lang='lat' dir='ltr'>complanata</span> <span class='ocrx_word' id='word_1_221' title='bbox 1227 745 1378 793; x_wconf 83' lang='lat' dir='ltr'>[viam]</span> <span class='ocrx_word' id='word_1_222' title='bbox 1401 749 1616 799; x_wconf 83' lang='lat' dir='ltr'>equitanti</span> <span class='ocrx_word' id='word_1_223' title='bbox 1643 761 1718 800; x_wconf 88' lang='lat' dir='ltr'>per</span> <span class='ocrx_word' id='word_1_224' title='bbox 1745 750 1952 801; x_wconf 88' lang='lat' dir='ltr'>planities</span> 
     </span>
     <span class='ocr_line' id='line_1_59' title="bbox 873 811 2006 865; baseline 0.003 -13"><span class='ocrx_word' id='word_1_225' title='bbox 873 811 986 862; x_wconf 79' lang='lat' dir='ltr'>[Cui]</span> <span class='ocrx_word' id='word_1_226' title='bbox 1009 813 1053 852; x_wconf 89' lang='lat' dir='ltr'>in</span> <span class='ocrx_word' id='word_1_227' title='bbox 1074 813 1270 862; x_wconf 79' lang='lat' dir='ltr'>Jeh[ova]</span> <span class='ocrx_word' id='word_1_228' title='bbox 1290 814 1386 862; x_wconf 88' lang='lat' dir='ltr'>[est]</span> <span class='ocrx_word' id='word_1_229' title='bbox 1409 825 1571 854; x_wconf 87' lang='lat' dir='ltr'>nomen</span> <span class='ocrx_word' id='word_1_230' title='bbox 1593 814 1710 865; x_wconf 84' lang='lat' dir='ltr'>ejus:</span> <span class='ocrx_word' id='word_1_231' title='bbox 1732 820 1773 854; x_wconf 87' lang='lat' dir='ltr'>et</span> <span class='ocrx_word' id='word_1_232' title='bbox 1791 815 2006 855; x_wconf 85' lang='lat' dir='ltr'>exsultate</span> 
     </span>
     <span class='ocr_line' id='line_1_60' title="bbox 1564 877 2003 931; baseline 0 -12"><span class='ocrx_word' id='word_1_233' title='bbox 1564 877 1681 930; x_wconf 85' lang='lat' dir='ltr'>[ante</span> <span class='ocrx_word' id='word_1_234' title='bbox 1702 879 1860 920; x_wconf 77' lang='lat' dir='ltr'>faeiem</span> <span class='ocrx_word' id='word_1_235' title='bbox 1884 880 2003 931; x_wconf 86' lang='lat' dir='ltr'>ejus:</span> 
     </span>
     <span class='ocr_line' id='line_1_61' title="bbox 926 944 2004 995; baseline 0.004 -12"><span class='ocrx_word' id='word_1_236' title='bbox 926 944 1024 993; x_wconf 85' lang='lat' dir='ltr'>[est]</span> <span class='ocrx_word' id='word_1_237' title='bbox 1048 947 1171 994; x_wconf 86' lang='lat' dir='ltr'>pater</span> <span class='ocrx_word' id='word_1_238' title='bbox 1204 944 1505 995; x_wconf 87' lang='lat' dir='ltr'>orphanorum</span> <span class='ocrx_word' id='word_1_239' title='bbox 1530 949 1572 984; x_wconf 88' lang='lat' dir='ltr'>et</span> <span class='ocrx_word' id='word_1_240' title='bbox 1592 945 1725 995; x_wconf 85' lang='lat' dir='ltr'>judex</span> <span class='ocrx_word' id='word_1_241' title='bbox 1748 945 2004 988; x_wconf 77' lang='lat' dir='ltr'>viduarum,</span> 
     </span>
     <span class='ocr_line' id='line_1_62' title="bbox 874 1008 1790 1058; baseline 0.003 -12"><span class='ocrx_word' id='word_1_242' title='bbox 874 1008 1044 1048; x_wconf 84' lang='lat' dir='ltr'>Elohim</span> <span class='ocrx_word' id='word_1_243' title='bbox 1062 1008 1107 1047; x_wconf 92' lang='lat' dir='ltr'>in</span> <span class='ocrx_word' id='word_1_244' title='bbox 1127 1008 1379 1048; x_wconf 85' lang='lat' dir='ltr'>habitaculo</span> <span class='ocrx_word' id='word_1_245' title='bbox 1401 1009 1648 1049; x_wconf 81' lang='lat' dir='ltr'>sanctitatis</span> <span class='ocrx_word' id='word_1_246' title='bbox 1671 1021 1790 1058; x_wconf 87' lang='lat' dir='ltr'>suae,</span> 
     </span>
     <span class='ocr_line' id='line_1_63' title="bbox 926 1073 2002 1114; baseline 0.002 -2"><span class='ocrx_word' id='word_1_247' title='bbox 926 1074 1040 1113; x_wconf 88' lang='lat' dir='ltr'>Deus</span> <span class='ocrx_word' id='word_1_248' title='bbox 1062 1073 1227 1113; x_wconf 74' lang='lat' dir='ltr'>iaciens</span> <span class='ocrx_word' id='word_1_249' title='bbox 1248 1074 1444 1113; x_wconf 85' lang='lat' dir='ltr'>habitare</span> <span class='ocrx_word' id='word_1_250' title='bbox 1475 1074 1697 1114; x_wconf 80' lang='lat' dir='ltr'>solitarios</span> <span class='ocrx_word' id='word_1_251' title='bbox 1718 1075 1770 1113; x_wconf 90' lang='lat' dir='ltr'>ad</span> <span class='ocrx_word' id='word_1_252' title='bbox 1803 1075 2002 1114; x_wconf 87' lang='lat' dir='ltr'>domum.</span> 
     </span>
     <span class='ocr_line' id='line_1_64' title="bbox 874 1138 1800 1191; baseline 0.001 -13"><span class='ocrx_word' id='word_1_253' title='bbox 874 1139 1052 1178; x_wconf 68' lang='lat' dir='ltr'>Fae-iens</span> <span class='ocrx_word' id='word_1_254' title='bbox 1074 1139 1193 1179; x_wconf 77' lang='lat' dir='ltr'>exire</span> <span class='ocrx_word' id='word_1_255' title='bbox 1217 1138 1384 1178; x_wconf 81' lang='lat' dir='ltr'>vinctos</span> <span class='ocrx_word' id='word_1_256' title='bbox 1406 1139 1451 1178; x_wconf 91' lang='lat' dir='ltr'>in</span> <span class='ocrx_word' id='word_1_257' title='bbox 1474 1139 1800 1191; x_wconf 48' lang='lat' dir='ltr'>prosperitates</span> 
     </span>
     <span class='ocr_line' id='line_1_65' title="bbox 926 1205 2003 1246; baseline 0.001 -3"><span class='ocrx_word' id='word_1_258' title='bbox 926 1206 1234 1244; x_wconf 86' lang='lat' dir='ltr'>tantummodo</span> <span class='ocrx_word' id='word_1_259' title='bbox 1248 1205 1434 1244; x_wconf 86' lang='lat' dir='ltr'>rebelles</span> <span class='ocrx_word' id='word_1_260' title='bbox 1453 1205 1715 1245; x_wconf 89' lang='lat' dir='ltr'>habitabunt</span> <span class='ocrx_word' id='word_1_261' title='bbox 1735 1205 2003 1246; x_wconf 83' lang='lat' dir='ltr'>ariditatem!</span> 
     </span>
     <span class='ocr_line' id='line_1_66' title="bbox 1752 1268 1951 1322; baseline -0.01 -11"><span class='ocrx_word' id='word_1_262' title='bbox 1752 1268 1870 1311; x_wconf 80' lang='lat' dir='ltr'>Selah</span> <span class='ocrx_word' id='word_1_263' title='bbox 1888 1270 1951 1322; x_wconf 81' lang='lat'><strong>(¹).</strong></span> 
     </span>
     <span class='ocr_line' id='line_1_67' title="bbox 1414 1341 1470 1380; baseline 0 0"><span class='ocrx_word' id='word_1_264' title='bbox 1414 1341 1470 1380; x_wconf 88' lang='lat'>111</span> 
     </span>
    </p>
   </div>
   <div class='ocr_carea' id='block_1_11' title="bbox 873 1454 2025 2151">
    <p class='ocr_par' dir='ltr' id='par_1_19' title="bbox 873 1454 2025 2151">
     <span class='ocr_line' id='line_1_68' title="bbox 875 1454 1951 1506; baseline -0.001 -11"><span class='ocrx_word' id='word_1_265' title='bbox 875 1457 1002 1503; x_wconf 90' lang='lat' dir='ltr'>Deus,</span> <span class='ocrx_word' id='word_1_266' title='bbox 1026 1454 1072 1493; x_wconf 91' lang='lat' dir='ltr'>in</span> <span class='ocrx_word' id='word_1_267' title='bbox 1094 1454 1361 1505; x_wconf 85' lang='lat' dir='ltr'>egrediendo</span> <span class='ocrx_word' id='word_1_268' title='bbox 1382 1459 1423 1495; x_wconf 85' lang='lat' dir='ltr'>te</span> <span class='ocrx_word' id='word_1_269' title='bbox 1444 1455 1496 1494; x_wconf 87' lang='lat' dir='ltr'>ad</span> <span class='ocrx_word' id='word_1_270' title='bbox 1519 1454 1675 1494; x_wconf 78' lang='lat' dir='ltr'>faeiem</span> <span class='ocrx_word' id='word_1_271' title='bbox 1696 1454 1848 1506; x_wconf 89' lang='lat' dir='ltr'>populi</span> <span class='ocrx_word' id='word_1_272' title='bbox 1870 1455 1951 1503; x_wconf 89' lang='lat' dir='ltr'>tui,</span> 
     </span>
     <span class='ocr_line' id='line_1_69' title="bbox 925 1520 1659 1570; baseline 0 -11"><span class='ocrx_word' id='word_1_273' title='bbox 925 1521 973 1560; x_wconf 91' lang='lat' dir='ltr'>in</span> <span class='ocrx_word' id='word_1_274' title='bbox 992 1520 1240 1560; x_wconf 84' lang='lat' dir='ltr'>incedendo</span> <span class='ocrx_word' id='word_1_275' title='bbox 1259 1524 1299 1559; x_wconf 91' lang='lat' dir='ltr'>te</span> <span class='ocrx_word' id='word_1_276' title='bbox 1321 1532 1398 1570; x_wconf 90' lang='lat' dir='ltr'>per</span> <span class='ocrx_word' id='word_1_277' title='bbox 1419 1521 1659 1568; x_wconf 85' lang='lat' dir='ltr'>desertum,</span> 
     </span>
     <span class='ocr_line' id='line_1_70' title="bbox 873 1585 1954 1634; baseline 0 -9"><span class='ocrx_word' id='word_1_278' title='bbox 873 1587 1002 1626; x_wconf 89' lang='lat' dir='ltr'>Terra</span> <span class='ocrx_word' id='word_1_279' title='bbox 1038 1585 1313 1634; x_wconf 78' lang='lat' dir='ltr'>movebatur,</span> <span class='ocrx_word' id='word_1_280' title='bbox 1343 1585 1433 1625; x_wconf 88' lang='lat' dir='ltr'>imo</span> <span class='ocrx_word' id='word_1_281' title='bbox 1462 1585 1570 1625; x_wconf 80' lang='lat' dir='ltr'>caeli</span> <span class='ocrx_word' id='word_1_282' title='bbox 1590 1585 1954 1625; x_wconf 72' lang='lat' dir='ltr'>diffundebantur</span> 
     </span>
     <span class='ocr_line' id='line_1_71' title="bbox 926 1650 1924 1701; baseline -0.001 -10"><span class='ocrx_word' id='word_1_283' title='bbox 926 1663 948 1691; x_wconf 91' lang='lat' dir='ltr'>a</span> <span class='ocrx_word' id='word_1_284' title='bbox 973 1651 1083 1690; x_wconf 80' lang='lat' dir='ltr'>facie</span> <span class='ocrx_word' id='word_1_285' title='bbox 1105 1650 1196 1698; x_wconf 91' lang='lat' dir='ltr'>Dei,</span> <span class='ocrx_word' id='word_1_286' title='bbox 1221 1662 1241 1689; x_wconf 91' lang='lat' dir='ltr'>a</span> <span class='ocrx_word' id='word_1_287' title='bbox 1266 1650 1378 1690; x_wconf 77' lang='lat' dir='ltr'>faeie</span> <span class='ocrx_word' id='word_1_288' title='bbox 1401 1650 1573 1690; x_wconf 88' lang='lat' dir='ltr'>Elohim</span> <span class='ocrx_word' id='word_1_289' title='bbox 1598 1650 1671 1689; x_wconf 91' lang='lat' dir='ltr'>Dei</span> <span class='ocrx_word' id='word_1_290' title='bbox 1693 1650 1825 1690; x_wconf 89' lang='lat' dir='ltr'>Israel</span> <span class='ocrx_word' id='word_1_291' title='bbox 1848 1650 1895 1701; x_wconf 72' lang='lat'>(²)</span> <span class='ocrx_word' id='word_1_292' title='bbox 1916 1664 1924 1690; x_wconf 94' lang='lat'>:</span> 
     </span>
     <span class='ocr_line' id='line_1_72' title="bbox 874 1716 1781 1767; baseline -0.001 -11"><span class='ocrx_word' id='word_1_293' title='bbox 874 1717 1072 1756; x_wconf 82' lang='lat' dir='ltr'>l‘luviam</span> <span class='ocrx_word' id='word_1_294' title='bbox 1096 1716 1352 1767; x_wconf 84' lang='lat' dir='ltr'>largitatum</span> <span class='ocrx_word' id='word_1_295' title='bbox 1377 1716 1627 1767; x_wconf 87' lang='lat' dir='ltr'>spargebas,</span> <span class='ocrx_word' id='word_1_296' title='bbox 1655 1717 1781 1764; x_wconf 85' lang='lat' dir='ltr'>Deus,</span> 
     </span>
     <span class='ocr_line' id='line_1_73' title="bbox 928 1781 1988 1832; baseline 0.001 -12"><span class='ocrx_word' id='word_1_297' title='bbox 928 1782 1172 1821; x_wconf 88' lang='lat' dir='ltr'>haereditas</span> <span class='ocrx_word' id='word_1_298' title='bbox 1195 1786 1318 1821; x_wconf 88' lang='lat' dir='ltr'>tua...</span> <span class='ocrx_word' id='word_1_299' title='bbox 1343 1786 1383 1821; x_wconf 90' lang='lat' dir='ltr'>et</span> <span class='ocrx_word' id='word_1_300' title='bbox 1404 1781 1671 1832; x_wconf 75' lang='lat' dir='ltr'>fatigabatur</span> <span class='ocrx_word' id='word_1_301' title='bbox 1698 1782 1804 1830; x_wconf 89' lang='lat' dir='ltr'>[sed]</span> <span class='ocrx_word' id='word_1_302' title='bbox 1841 1786 1886 1821; x_wconf 90' lang='lat' dir='ltr'>tu</span> <span class='ocrx_word' id='word_1_303' title='bbox 1909 1793 1988 1821; x_wconf 84' lang='lat' dir='ltr'>con</span> 
     </span>
     <span class='ocr_line' id='line_1_74' title="bbox 1665 1844 2003 1897; baseline 0.003 -13"><span class='ocrx_word' id='word_1_304' title='bbox 1665 1844 1869 1897; x_wconf 84' lang='lat' dir='ltr'>[firmasti</span> <span class='ocrx_word' id='word_1_305' title='bbox 1892 1858 2003 1891; x_wconf 87' lang='lat' dir='ltr'>eam,</span> 
     </span>
     <span class='ocr_line' id='line_1_75' title="bbox 874 1911 1673 1959; baseline 0.001 -9"><span class='ocrx_word' id='word_1_306' title='bbox 874 1911 1092 1950; x_wconf 82' lang='lat' dir='ltr'>Animalia</span> <span class='ocrx_word' id='word_1_307' title='bbox 1117 1916 1189 1950; x_wconf 85' lang='lat' dir='ltr'>tua</span> <span class='ocrx_word' id='word_1_308' title='bbox 1214 1911 1523 1951; x_wconf 84' lang='lat' dir='ltr'>habitaverunt</span> <span class='ocrx_word' id='word_1_309' title='bbox 1541 1911 1586 1950; x_wconf 91' lang='lat' dir='ltr'>in</span> <span class='ocrx_word' id='word_1_310' title='bbox 1609 1923 1673 1959; x_wconf 89' lang='lat' dir='ltr'>eo,</span> 
     </span>
     <span class='ocr_line' id='line_1_76' title="bbox 928 1976 2003 2027; baseline 0.002 -13"><span class='ocrx_word' id='word_1_311' title='bbox 928 1976 1220 2027; x_wconf 84' lang='lat' dir='ltr'>praeparabas</span> <span class='ocrx_word' id='word_1_312' title='bbox 1245 1976 1425 2025; x_wconf 78' lang='lat' dir='ltr'>[eibum]</span> <span class='ocrx_word' id='word_1_313' title='bbox 1444 1976 1489 2015; x_wconf 91' lang='lat' dir='ltr'>in</span> <span class='ocrx_word' id='word_1_314' title='bbox 1506 1976 1699 2016; x_wconf 87' lang='lat' dir='ltr'>bonitate</span> <span class='ocrx_word' id='word_1_315' title='bbox 1715 1981 1787 2016; x_wconf 88' lang='lat' dir='ltr'>tua</span> <span class='ocrx_word' id='word_1_316' title='bbox 1805 1976 2003 2027; x_wconf 86' lang='lat' dir='ltr'>pauperi,</span> 
     </span>
     <span class='ocr_line' id='line_1_77' title="bbox 922 2039 2025 2090; baseline 0.001 -11"><span class='ocrx_word' id='word_1_317' title='bbox 922 2055 933 2062; x_wconf 88' lang='lat'><strong>·</strong></span> <span class='ocrx_word' id='word_1_318' title='bbox 1847 2041 1978 2090; x_wconf 87' lang='lat' dir='ltr'>[Deus</span> <span class='ocrx_word' id='word_1_319' title='bbox 1994 2039 2025 2080; x_wconf 80' lang='lat' dir='ltr'>l·</span> 
     </span>
     <span class='ocr_line' id='line_1_78' title="bbox 1415 2113 1462 2151; baseline 0.043 -2"><span class='ocrx_word' id='word_1_320' title='bbox 1415 2113 1462 2151; x_wconf 68' lang='lat' dir='ltr'>IV</span> 
     </span>
    </p>
   </div>
   <div class='ocr_carea' id='block_1_12' title="bbox 875 2217 2006 2793">
    <p class='ocr_par' dir='ltr' id='par_1_20' title="bbox 875 2217 2006 2595">
     <span class='ocr_line' id='line_1_79' title="bbox 875 2217 1668 2271; baseline 0.001 -14"><span class='ocrx_word' id='word_1_321' title='bbox 875 2219 1041 2258; x_wconf 81' lang='lat' dir='ltr'>Adonai</span> <span class='ocrx_word' id='word_1_322' title='bbox 1064 2219 1185 2258; x_wconf 88' lang='lat' dir='ltr'>dedit</span> <span class='ocrx_word' id='word_1_323' title='bbox 1208 2219 1404 2265; x_wconf 72' lang='lat' dir='ltr'>verbnm,</span> <span class='ocrx_word' id='word_1_324' title='bbox 1429 2217 1484 2269; x_wconf 84' lang='lat' dir='ltr'>[et</span> <span class='ocrx_word' id='word_1_325' title='bbox 1504 2219 1668 2271; x_wconf 85' lang='lat' dir='ltr'>statim]</span> 
     </span>
     <span class='ocr_line' id='line_1_80' title="bbox 930 2282 2002 2335; baseline 0.001 -12"><span class='ocrx_word' id='word_1_326' title='bbox 930 2284 1037 2323; x_wconf 87' lang='lat' dir='ltr'>laeta</span> <span class='ocrx_word' id='word_1_327' title='bbox 1079 2284 1335 2323; x_wconf 83' lang='lat' dir='ltr'>nuntiantes</span> <span class='ocrx_word' id='word_1_328' title='bbox 1368 2282 1523 2335; x_wconf 77' lang='lat' dir='ltr'>[erant]</span> <span class='ocrx_word' id='word_1_329' title='bbox 1556 2285 1777 2324; x_wconf 83' lang='lat' dir='ltr'>exereitus</span> <span class='ocrx_word' id='word_1_330' title='bbox 1808 2284 2002 2324; x_wconf 85' lang='lat' dir='ltr'>multus:</span> 
     </span>
     <span class='ocr_line' id='line_1_81' title="bbox 877 2347 2004 2400; baseline -0.001 -11"><span class='ocrx_word' id='word_1_331' title='bbox 877 2351 1014 2400; x_wconf 78' lang='lat' dir='ltr'>Reges</span> <span class='ocrx_word' id='word_1_332' title='bbox 1036 2349 1310 2389; x_wconf 82' lang='lat' dir='ltr'>exercituum</span> <span class='ocrx_word' id='word_1_333' title='bbox 1336 2347 1566 2400; x_wconf 67' lang='lat' dir='ltr'>[hostium]</span> <span class='ocrx_word' id='word_1_334' title='bbox 1599 2349 1841 2400; x_wconf 81' lang='lat' dir='ltr'>fugiebant,</span> <span class='ocrx_word' id='word_1_335' title='bbox 1868 2349 2004 2400; x_wconf 79' lang='lat' dir='ltr'>tugie-</span> 
     </span>
     <span class='ocr_line' id='line_1_82' title="bbox 1798 2412 2003 2466; baseline -0.015 0"><span class='ocrx_word' id='word_1_336' title='bbox 1798 2412 1922 2466; x_wconf 79' lang='lat' dir='ltr'>[bant</span> <span class='ocrx_word' id='word_1_337' title='bbox 1943 2413 2003 2464; x_wconf 78' lang='lat'><strong>(³),</strong></span> 
     </span>
     <span class='ocr_line' id='line_1_83' title="bbox 930 2476 2006 2531; baseline 0.001 -13"><span class='ocrx_word' id='word_1_338' title='bbox 930 2484 971 2519; x_wconf 82' lang='lat' dir='ltr'>et</span> <span class='ocrx_word' id='word_1_339' title='bbox 994 2479 1232 2519; x_wconf 81' lang='lat' dir='ltr'>habitatrix</span> <span class='ocrx_word' id='word_1_340' title='bbox 1256 2476 1327 2523; x_wconf 66' lang='lat' dir='ltr'>[oet</span> <span class='ocrx_word' id='word_1_341' title='bbox 1349 2477 1563 2531; x_wconf 74' lang='lat' dir='ltr'>speciosa]</span> <span class='ocrx_word' id='word_1_342' title='bbox 1588 2479 1746 2519; x_wconf 76' lang='lat' dir='ltr'>domus</span> <span class='ocrx_word' id='word_1_343' title='bbox 1781 2479 2006 2519; x_wconf 85' lang='lat' dir='ltr'>dividebat</span> 
     </span>
     <span class='ocr_line' id='line_1_84' title="bbox 1846 2540 2004 2595; baseline 0 -11"><span class='ocrx_word' id='word_1_344' title='bbox 1846 2540 2004 2595; x_wconf 83' lang='lat' dir='ltr'>[spolia</span> 
     </span>
    </p>

    <p class='ocr_par' dir='ltr' id='par_1_21' title="bbox 876 2608 1833 2660">
     <span class='ocr_line' id='line_1_85' title="bbox 876 2608 1833 2660; baseline -0.001 -10"><span class='ocrx_word' id='word_1_345' title='bbox 876 2611 1050 2651; x_wconf 88' lang='lat' dir='ltr'>Utinam</span> <span class='ocrx_word' id='word_1_346' title='bbox 1082 2611 1352 2650; x_wconf 82' lang='lat' dir='ltr'>recumbatis</span> <span class='ocrx_word' id='word_1_347' title='bbox 1379 2611 1495 2650; x_wconf 89' lang='lat' dir='ltr'>inter</span> <span class='ocrx_word' id='word_1_348' title='bbox 1524 2610 1738 2650; x_wconf 84' lang='lat' dir='ltr'>terminos</span> <span class='ocrx_word' id='word_1_349' title='bbox 1770 2608 1833 2660; x_wconf 69' lang='lat'>(⁴),</span> 
     </span>
    </p>

    <p class='ocr_par' dir='ltr' id='par_1_22' title="bbox 928 2676 1681 2726">
     <span class='ocr_line' id='line_1_86' title="bbox 928 2676 1681 2726; baseline 0 -11"><span class='ocrx_word' id='word_1_350' title='bbox 928 2678 951 2715; x_wconf 83' lang='lat' dir='ltr'>o</span> <span class='ocrx_word' id='word_1_351' title='bbox 973 2677 1065 2715; x_wconf 89' lang='lat' dir='ltr'>alae</span> <span class='ocrx_word' id='word_1_352' title='bbox 1087 2676 1318 2716; x_wconf 79' lang='lat' dir='ltr'>columbae</span> <span class='ocrx_word' id='word_1_353' title='bbox 1340 2681 1477 2716; x_wconf 84' lang='lat' dir='ltr'>tectae</span> <span class='ocrx_word' id='word_1_354' title='bbox 1498 2680 1681 2726; x_wconf 84' lang='lat' dir='ltr'>argento</span> 
     </span>
    </p>

    <p class='ocr_par' dir='ltr' id='par_1_23' title="bbox 928 2738 2000 2793">
     <span class='ocr_line' id='line_1_87' title="bbox 928 2738 2000 2793; baseline -0.002 -12"><span class='ocrx_word' id='word_1_355' title='bbox 928 2747 969 2781; x_wconf 92' lang='lat' dir='ltr'>et</span> <span class='ocrx_word' id='word_1_356' title='bbox 986 2740 1144 2793; x_wconf 67' lang='lat' dir='ltr'>[eujus]</span> <span class='ocrx_word' id='word_1_357' title='bbox 1164 2753 1333 2792; x_wconf 88' lang='lat' dir='ltr'>pennae</span> <span class='ocrx_word' id='word_1_358' title='bbox 1355 2742 1449 2792; x_wconf 84' lang='lat' dir='ltr'>ejus</span> <span class='ocrx_word' id='word_1_359' title='bbox 1470 2741 1517 2780; x_wconf 91' lang='lat' dir='ltr'>in</span> <span class='ocrx_word' id='word_1_360' title='bbox 1540 2741 1709 2792; x_wconf 75' lang='lat' dir='ltr'>fulgore</span> <span class='ocrx_word' id='word_1_361' title='bbox 1727 2740 1822 2780; x_wconf 89' lang='lat' dir='ltr'>auri</span> <span class='ocrx_word' id='word_1_362' title='bbox 1840 2738 2000 2792; x_wconf 71' lang='lat' dir='ltr'>[suntjl</span> 
     </span>
    </p>
   </div>
   <div class='ocr_carea' id='block_1_13' title="bbox 240 2862 2003 2945">
    <p class='ocr_par' dir='ltr' id='par_1_24' title="bbox 240 2862 2003 2945">
     <span class='ocr_line' id='line_1_88' title="bbox 301 2862 2003 2905; baseline 0.001 -12"><span class='ocrx_word' id='word_1_363' title='bbox 301 2864 344 2897; x_wconf 84' lang='grc'>(1)</span> <span class='ocrx_word' id='word_1_364' title='bbox 368 2864 458 2894; x_wconf 88' lang='lat' dir='ltr'>Tous</span> <span class='ocrx_word' id='word_1_365' title='bbox 478 2863 526 2894; x_wconf 81' lang='lat' dir='ltr'>les</span> <span class='ocrx_word' id='word_1_366' title='bbox 549 2862 650 2894; x_wconf 69' lang='lat' dir='ltr'>selah</span> <span class='ocrx_word' id='word_1_367' title='bbox 674 2865 715 2895; x_wconf 86' lang='lat' dir='ltr'>de</span> <span class='ocrx_word' id='word_1_368' title='bbox 736 2874 774 2895; x_wconf 83' lang='lat' dir='ltr'>ce</span> <span class='ocrx_word' id='word_1_369' title='bbox 790 2873 947 2904; x_wconf 77' lang='lat' dir='ltr'>psaume‚</span> <span class='ocrx_word' id='word_1_370' title='bbox 963 2867 1066 2905; x_wconf 76' lang='lat' dir='ltr'>apres</span> <span class='ocrx_word' id='word_1_371' title='bbox 1086 2865 1136 2895; x_wconf 87' lang='lat' dir='ltr'>les</span> <span class='ocrx_word' id='word_1_372' title='bbox 1157 2864 1331 2904; x_wconf 69' lang='lat' dir='ltr'>strophes,</span> <span class='ocrx_word' id='word_1_373' title='bbox 1354 2864 1396 2903; x_wconf 68' lang='grc' dir='ltr'>ΙΙ,</span> <span class='ocrx_word' id='word_1_374' title='bbox 1422 2864 1461 2903; x_wconf 93' lang='lat' dir='ltr'>V,</span> <span class='ocrx_word' id='word_1_375' title='bbox 1487 2863 1575 2903; x_wconf 85' lang='lat' dir='ltr'>VIII,</span> <span class='ocrx_word' id='word_1_376' title='bbox 1591 2865 1652 2895; x_wconf 88' lang='lat' dir='ltr'>ont</span> <span class='ocrx_word' id='word_1_377' title='bbox 1667 2864 1723 2895; x_wconf 80' lang='lat' dir='ltr'>ete</span> <span class='ocrx_word' id='word_1_378' title='bbox 1739 2863 1901 2903; x_wconf 75' lang='lat' dir='ltr'>deplaces</span> <span class='ocrx_word' id='word_1_379' title='bbox 1921 2864 2003 2894; x_wconf 88' lang='lat' dir='ltr'>d&#39;un</span> 
     </span>
     <span class='ocr_line' id='line_1_89' title="bbox 240 2905 2003 2945; baseline 0 -10"><span class='ocrx_word' id='word_1_380' title='bbox 240 2911 346 2935; x_wconf 78' lang='lat' dir='ltr'>vers:</span> <span class='ocrx_word' id='word_1_381' title='bbox 378 2905 402 2935; x_wconf 89' lang='lat' dir='ltr'>il</span> <span class='ocrx_word' id='word_1_382' title='bbox 435 2905 508 2936; x_wconf 80' lang='lat' dir='ltr'>taut</span> <span class='ocrx_word' id='word_1_383' title='bbox 539 2905 587 2935; x_wconf 81' lang='lat' dir='ltr'>les</span> <span class='ocrx_word' id='word_1_384' title='bbox 611 2906 755 2936; x_wconf 76' lang='lat' dir='ltr'>retahlir</span> <span class='ocrx_word' id='word_1_385' title='bbox 775 2916 817 2937; x_wconf 84' lang='lat' dir='ltr'>au</span> <span class='ocrx_word' id='word_1_386' title='bbox 838 2907 979 2937; x_wconf 79' lang='lat' dir='ltr'>dernier</span> <span class='ocrx_word' id='word_1_387' title='bbox 997 2915 1078 2937; x_wconf 85' lang='lat' dir='ltr'>vers</span> <span class='ocrx_word' id='word_1_388' title='bbox 1101 2906 1144 2936; x_wconf 84' lang='lat' dir='ltr'>de</span> <span class='ocrx_word' id='word_1_389' title='bbox 1160 2908 1297 2945; x_wconf 81' lang='lat' dir='ltr'>chaque</span> <span class='ocrx_word' id='word_1_390' title='bbox 1316 2907 1472 2945; x_wconf 83' lang='lat' dir='ltr'>strophe.</span> <span class='ocrx_word' id='word_1_391' title='bbox 1496 2905 1522 2936; x_wconf 93' lang='lat' dir='ltr'>ll</span> <span class='ocrx_word' id='word_1_392' title='bbox 1550 2909 1603 2937; x_wconf 79' lang='lat' dir='ltr'>est</span> <span class='ocrx_word' id='word_1_393' title='bbox 1625 2905 1791 2944; x_wconf 79' lang='lat' dir='ltr'>probable</span> <span class='ocrx_word' id='word_1_394' title='bbox 1807 2905 1891 2944; x_wconf 83' lang='lat' dir='ltr'>qu&#39;il</span> <span class='ocrx_word' id='word_1_395' title='bbox 1912 2913 1956 2935; x_wconf 90' lang='lat' dir='ltr'>en</span> <span class='ocrx_word' id='word_1_396' title='bbox 1983 2913 2003 2935; x_wconf 88' lang='lat' dir='ltr'>a</span> 
     </span>
    </p>
   </div>
   <div class='ocr_carea' id='block_1_14' title="bbox 239 2946 886 2987">
    <p class='ocr_par' dir='ltr' id='par_1_25' title="bbox 239 2946 886 2987">
     <span class='ocr_line' id='line_1_90' title="bbox 239 2946 886 2987; baseline 0.003 -11"><span class='ocrx_word' id='word_1_397' title='bbox 239 2946 381 2984; x_wconf 88' lang='lat' dir='ltr'>disparu</span> <span class='ocrx_word' id='word_1_398' title='bbox 415 2946 475 2977; x_wconf 82' lang='lat' dir='ltr'>des</span> <span class='ocrx_word' id='word_1_399' title='bbox 505 2949 625 2977; x_wconf 80' lang='lat' dir='ltr'>autres</span> <span class='ocrx_word' id='word_1_400' title='bbox 651 2947 827 2987; x_wconf 72' lang='lat' dir='ltr'>strophes,</span> <span class='ocrx_word' id='word_1_401' title='bbox 862 2949 886 2983; x_wconf 81' lang='lat'>1,</span> 
     </span>
    </p>
   </div>
   <div class='ocr_carea' id='block_1_15' title="bbox 238 2996 416 3027">
    <p class='ocr_par' dir='ltr' id='par_1_26' title="bbox 238 2996 416 3027">
     <span class='ocr_line' id='line_1_91' title="bbox 238 2996 416 3027; baseline 0 -10"><span class='ocrx_word' id='word_1_402' title='bbox 238 2996 416 3027; x_wconf 86' lang='lat' dir='ltr'>psaumes.</span> 
     </span>
    </p>
   </div>
   <div class='ocr_carea' id='block_1_16' title="bbox 922 2946 2004 2987">
    <p class='ocr_par' dir='ltr' id='par_1_27' title="bbox 922 2946 2004 2987">
     <span class='ocr_line' id='line_1_92' title="bbox 922 2946 2004 2987; baseline -0.001 -9"><span class='ocrx_word' id='word_1_403' title='bbox 922 2949 980 2987; x_wconf 88' lang='lat'>111,</span> <span class='ocrx_word' id='word_1_404' title='bbox 1003 2948 1056 2987; x_wconf 87' lang='lat' dir='ltr'>lv,</span> <span class='ocrx_word' id='word_1_405' title='bbox 1093 2946 1131 2977; x_wconf 86' lang='lat' dir='ltr'>VI</span> <span class='ocrx_word' id='word_1_406' title='bbox 1159 2949 1195 2978; x_wconf 85' lang='lat' dir='ltr'>et</span> <span class='ocrx_word' id='word_1_407' title='bbox 1215 2946 1275 2978; x_wconf 87' lang='lat' dir='ltr'>Vll</span> <span class='ocrx_word' id='word_1_408' title='bbox 1304 2955 1444 2978; x_wconf 85' lang='lat' dir='ltr'>comme</span> <span class='ocrx_word' id='word_1_409' title='bbox 1467 2947 1554 2977; x_wconf 87' lang='lat' dir='ltr'>dans</span> <span class='ocrx_word' id='word_1_410' title='bbox 1578 2948 1646 2978; x_wconf 89' lang='lat' dir='ltr'>bon</span> <span class='ocrx_word' id='word_1_411' title='bbox 1668 2948 1817 2977; x_wconf 86' lang='lat' dir='ltr'>nombre</span> <span class='ocrx_word' id='word_1_412' title='bbox 1847 2946 2004 2977; x_wconf 83' lang='lat' dir='ltr'>d&#39;autres</span> 
     </span>
    </p>
   </div>
   <div class='ocr_carea' id='block_1_17' title="bbox 237 3032 2026 3288">
    <p class='ocr_par' dir='ltr' id='par_1_28' title="bbox 301 3032 1961 3076">
     <span class='ocr_line' id='line_1_93' title="bbox 301 3032 1961 3076; baseline 0.001 -12"><span class='ocrx_word' id='word_1_413' title='bbox 301 3035 341 3073; x_wconf 56' lang='lat'>(2)</span> <span class='ocrx_word' id='word_1_414' title='bbox 362 3034 405 3064; x_wconf 80' lang='lat' dir='ltr'>Ze&#39;</span> <span class='ocrx_word' id='word_1_415' title='bbox 428 3035 550 3074; x_wconf 72' lang='lat' dir='ltr'>Sinai,</span> <span class='ocrx_word' id='word_1_416' title='bbox 564 3033 599 3064; x_wconf 68' lang='lat' dir='ltr'>Is</span> <span class='ocrx_word' id='word_1_417' title='bbox 622 3034 702 3075; x_wconf 71' lang='lat' dir='ltr'>[est]</span> <span class='ocrx_word' id='word_1_418' title='bbox 722 3032 841 3076; x_wconf 69' lang='lat' dir='ltr'>Sinai,</span> <span class='ocrx_word' id='word_1_419' title='bbox 867 3036 961 3073; x_wconf 57' lang='lat' dir='ltr'>glose</span> <span class='ocrx_word' id='word_1_420' title='bbox 978 3038 1096 3075; x_wconf 75' lang='lat' dir='ltr'>passee</span> <span class='ocrx_word' id='word_1_421' title='bbox 1113 3037 1200 3067; x_wconf 84' lang='lat' dir='ltr'>dans</span> <span class='ocrx_word' id='word_1_422' title='bbox 1222 3037 1253 3067; x_wconf 90' lang='lat' dir='ltr'>le</span> <span class='ocrx_word' id='word_1_423' title='bbox 1277 3037 1374 3067; x_wconf 79' lang='lat' dir='ltr'>texte</span> <span class='ocrx_word' id='word_1_424' title='bbox 1395 3037 1429 3067; x_wconf 85' lang='lat' dir='ltr'>et</span> <span class='ocrx_word' id='word_1_425' title='bbox 1445 3036 1506 3075; x_wconf 91' lang='lat' dir='ltr'>qui</span> <span class='ocrx_word' id='word_1_426' title='bbox 1521 3038 1640 3076; x_wconf 87' lang='lat' dir='ltr'>rompt</span> <span class='ocrx_word' id='word_1_427' title='bbox 1661 3035 1692 3067; x_wconf 85' lang='lat' dir='ltr'>le</span> <span class='ocrx_word' id='word_1_428' title='bbox 1709 3035 1961 3076; x_wconf 80' lang='lat' dir='ltr'>parallelisme.</span> 
     </span>
    </p>

    <p class='ocr_par' dir='ltr' id='par_1_29' title="bbox 237 3081 2026 3288">
     <span class='ocr_line' id='line_1_94' title="bbox 298 3081 2003 3123; baseline 0.001 -11"><span class='ocrx_word' id='word_1_429' title='bbox 298 3083 341 3120; x_wconf 67' lang='lat'>(3)</span> <span class='ocrx_word' id='word_1_430' title='bbox 364 3083 415 3113; x_wconf 84' lang='lat' dir='ltr'>Au</span> <span class='ocrx_word' id='word_1_431' title='bbox 432 3082 500 3113; x_wconf 83' lang='lat' dir='ltr'>lieu</span> <span class='ocrx_word' id='word_1_432' title='bbox 519 3082 564 3112; x_wconf 84' lang='lat' dir='ltr'>du</span> <span class='ocrx_word' id='word_1_433' title='bbox 590 3081 661 3111; x_wconf 66' lang='lat' dir='ltr'>Rex</span> <span class='ocrx_word' id='word_1_434' title='bbox 675 3082 853 3113; x_wconf 63' lang='lat' dir='ltr'>virtutum</span> <span class='ocrx_word' id='word_1_435' title='bbox 872 3082 994 3114; x_wconf 66' lang='lat' dir='ltr'>dilecti</span> <span class='ocrx_word' id='word_1_436' title='bbox 1008 3082 1131 3114; x_wconf 69' lang='lat' dir='ltr'>dilecti</span> <span class='ocrx_word' id='word_1_437' title='bbox 1146 3085 1179 3115; x_wconf 80' lang='lat' dir='ltr'>et</span> <span class='ocrx_word' id='word_1_438' title='bbox 1194 3083 1330 3123; x_wconf 67' lang='lat' dir='ltr'>speciei</span> <span class='ocrx_word' id='word_1_439' title='bbox 1345 3081 1474 3113; x_wconf 82' lang='lat' dir='ltr'>domus</span> <span class='ocrx_word' id='word_1_440' title='bbox 1489 3081 1650 3113; x_wconf 58' lang='lat' dir='ltr'>dividere</span> <span class='ocrx_word' id='word_1_441' title='bbox 1665 3081 1845 3123; x_wconf 73' lang='lat' dir='ltr'>spotia,S.</span> <span class='ocrx_word' id='word_1_442' title='bbox 1860 3082 2003 3113; x_wconf 55' lang='lat' dir='ltr'>„lemme</span> 
     </span>
     <span class='ocr_line' id='line_1_95' title="bbox 238 3121 2026 3163; baseline 0.001 -10"><span class='ocrx_word' id='word_1_443' title='bbox 238 3123 372 3154; x_wconf 81' lang='lat' dir='ltr'>traduit</span> <span class='ocrx_word' id='word_1_444' title='bbox 396 3123 505 3161; x_wconf 76' lang='lat' dir='ltr'>Reyes</span> <span class='ocrx_word' id='word_1_445' title='bbox 526 3124 752 3154; x_wconf 67' lang='lat' dir='ltr'>ewercztuum</span> <span class='ocrx_word' id='word_1_446' title='bbox 783 3123 1087 3163; x_wconf 73' lang='lat' dir='ltr'>soederabanlur:</span> <span class='ocrx_word' id='word_1_447' title='bbox 1108 3126 1138 3154; x_wconf 80' lang='lat' dir='ltr'>et</span> <span class='ocrx_word' id='word_1_448' title='bbox 1158 3123 1371 3163; x_wconf 66' lang='lat' dir='ltr'>pulcritudo</span> <span class='ocrx_word' id='word_1_449' title='bbox 1393 3123 1525 3154; x_wconf 82' lang='lat' dir='ltr'>domus</span> <span class='ocrx_word' id='word_1_450' title='bbox 1546 3123 1679 3154; x_wconf 76' lang='lat' dir='ltr'>dividit</span> <span class='ocrx_word' id='word_1_451' title='bbox 1699 3121 1835 3163; x_wconf 71' lang='lat' dir='ltr'>spolta.</span> <span class='ocrx_word' id='word_1_452' title='bbox 1860 3124 1914 3154; x_wconf 91' lang='lat' dir='ltr'>Au</span> <span class='ocrx_word' id='word_1_453' title='bbox 1932 3123 2002 3154; x_wconf 86' lang='lat' dir='ltr'>lieu</span> <span class='ocrx_word' id='word_1_454' title='bbox 2022 3146 2026 3150; x_wconf 83' lang='lat'>.</span> 
     </span>
     <span class='ocr_line' id='line_1_96' title="bbox 237 3162 2003 3203; baseline 0.001 -9"><span class='ocrx_word' id='word_1_455' title='bbox 237 3164 280 3195; x_wconf 89' lang='lat' dir='ltr'>de</span> <span class='ocrx_word' id='word_1_456' title='bbox 301 3164 398 3194; x_wconf 69' lang='lat' dir='ltr'>inter</span> <span class='ocrx_word' id='word_1_457' title='bbox 421 3162 559 3194; x_wconf 62' lang='lat' dir='ltr'>medios</span> <span class='ocrx_word' id='word_1_458' title='bbox 580 3163 706 3203; x_wconf 79' lang='lat' dir='ltr'>cleros,</span> <span class='ocrx_word' id='word_1_459' title='bbox 732 3165 755 3195; x_wconf 86' lang='lat'>11</span> <span class='ocrx_word' id='word_1_460' title='bbox 781 3176 798 3195; x_wconf 78' lang='lat' dir='ltr'>a</span> <span class='ocrx_word' id='word_1_461' title='bbox 825 3168 922 3196; x_wconf 75' lang='lat' dir='ltr'>mter</span> <span class='ocrx_word' id='word_1_462' title='bbox 954 3165 1092 3196; x_wconf 68' lang='lat' dir='ltr'>meaios</span> <span class='ocrx_word' id='word_1_463' title='bbox 1119 3166 1308 3198; x_wconf 79' lang='lat' dir='ltr'>terminos.</span> <span class='ocrx_word' id='word_1_464' title='bbox 1335 3166 1415 3197; x_wconf 86' lang='lat' dir='ltr'>Plus</span> <span class='ocrx_word' id='word_1_465' title='bbox 1437 3167 1511 3203; x_wconf 84' lang='lat' dir='ltr'>bas,</span> <span class='ocrx_word' id='word_1_466' title='bbox 1531 3175 1574 3196; x_wconf 86' lang='lat' dir='ltr'>au</span> <span class='ocrx_word' id='word_1_467' title='bbox 1597 3165 1666 3196; x_wconf 88' lang='lat' dir='ltr'>lieu</span> <span class='ocrx_word' id='word_1_468' title='bbox 1687 3166 1729 3196; x_wconf 88' lang='lat' dir='ltr'>de</span> <span class='ocrx_word' id='word_1_469' title='bbox 1749 3164 1945 3203; x_wconf 79' lang='lat' dir='ltr'>Benjamin</span> <span class='ocrx_word' id='word_1_470' title='bbox 1963 3164 2003 3196; x_wconf 74' lang='lat' dir='ltr'>in</span> 
     </span>
     <span class='ocr_line' id='line_1_97' title="bbox 238 3204 2002 3247; baseline 0.001 -12"><span class='ocrx_word' id='word_1_471' title='bbox 238 3204 372 3237; x_wconf 55' lang='lat' dir='ltr'>‘mentis</span> <span class='ocrx_word' id='word_1_472' title='bbox 400 3212 558 3238; x_wconf 70' lang='lat' dir='ltr'>ercessu.</span> <span class='ocrx_word' id='word_1_473' title='bbox 594 3205 617 3235; x_wconf 91' lang='lat' dir='ltr'>il</span> <span class='ocrx_word' id='word_1_474' title='bbox 642 3205 682 3237; x_wconf 86' lang='lat' dir='ltr'>lit</span> <span class='ocrx_word' id='word_1_475' title='bbox 708 3208 804 3237; x_wconf 87' lang='lat' dir='ltr'>aussi</span> <span class='ocrx_word' id='word_1_476' title='bbox 844 3207 886 3237; x_wconf 85' lang='lat' dir='ltr'>B.</span> <span class='ocrx_word' id='word_1_477' title='bbox 919 3206 1110 3247; x_wconf 72' lang='lat' dir='ltr'>parvulas,</span> <span class='ocrx_word' id='word_1_478' title='bbox 1145 3209 1338 3238; x_wconf 63' lang='lat' dir='ltr'>coaettmens</span> <span class='ocrx_word' id='word_1_479' title='bbox 1376 3214 1446 3239; x_wconf 79' lang='lat' dir='ltr'>eos.</span> <span class='ocrx_word' id='word_1_480' title='bbox 1485 3206 1536 3238; x_wconf 92' lang='lat' dir='ltr'>On</span> <span class='ocrx_word' id='word_1_481' title='bbox 1560 3208 1746 3246; x_wconf 78' lang='lat' dir='ltr'>gagnerait</span> <span class='ocrx_word' id='word_1_482' title='bbox 1771 3208 1954 3246; x_wconf 84' lang='lat' dir='ltr'>beaucoup</span> <span class='ocrx_word' id='word_1_483' title='bbox 1983 3209 2002 3237; x_wconf 77' lang='lat' dir='ltr'>a</span> 
     </span>
     <span class='ocr_line' id='line_1_98' title="bbox 241 3246 2004 3288; baseline 0 -10"><span class='ocrx_word' id='word_1_484' title='bbox 241 3246 460 3287; x_wconf 80' lang='lat' dir='ltr'>rapprocher</span> <span class='ocrx_word' id='word_1_485' title='bbox 491 3247 521 3278; x_wconf 86' lang='lat' dir='ltr'>la</span> <span class='ocrx_word' id='word_1_486' title='bbox 551 3246 700 3287; x_wconf 77' lang='lat' dir='ltr'>Vulgate</span> <span class='ocrx_word' id='word_1_487' title='bbox 720 3248 763 3278; x_wconf 83' lang='lat' dir='ltr'>de</span> <span class='ocrx_word' id='word_1_488' title='bbox 787 3248 817 3278; x_wconf 84' lang='lat' dir='ltr'>la</span> <span class='ocrx_word' id='word_1_489' title='bbox 840 3249 1041 3280; x_wconf 85' lang='lat' dir='ltr'>traduction</span> <span class='ocrx_word' id='word_1_490' title='bbox 1060 3248 1102 3280; x_wconf 86' lang='lat' dir='ltr'>de</span> <span class='ocrx_word' id='word_1_491' title='bbox 1135 3248 1168 3280; x_wconf 91' lang='lat' dir='ltr'>S.</span> <span class='ocrx_word' id='word_1_492' title='bbox 1192 3248 1359 3280; x_wconf 67' lang='lat' dir='ltr'>der-ome:</span> <span class='ocrx_word' id='word_1_493' title='bbox 1385 3249 1409 3279; x_wconf 89' lang='lat' dir='ltr'>il</span> <span class='ocrx_word' id='word_1_494' title='bbox 1429 3250 1483 3280; x_wconf 86' lang='lat' dir='ltr'>est</span> <span class='ocrx_word' id='word_1_495' title='bbox 1507 3249 1583 3280; x_wconf 82' lang='lat' dir='ltr'>vrai</span> <span class='ocrx_word' id='word_1_496' title='bbox 1614 3248 1719 3288; x_wconf 89' lang='lat' dir='ltr'>qu’on</span> <span class='ocrx_word' id='word_1_497' title='bbox 1743 3257 1764 3288; x_wconf 83' lang='lat' dir='ltr'><strong>y</strong></span> <span class='ocrx_word' id='word_1_498' title='bbox 1785 3247 1944 3287; x_wconf 71' lang='lat' dir='ltr'>perdi-ait</span> <span class='ocrx_word' id='word_1_499' title='bbox 1963 3255 2004 3278; x_wconf 83' lang='lat' dir='ltr'>ce</span> 
     </span>
    </p>
   </div>
  </div>
 </body>
</html>
