2243 3568
306 293 360 329 11.
385 292 722 330 Mansuetiautem
741 291 818 325 hee-

258 342 486 377 reditabunt
522 343 679 381 terram,
721 338 741 357 ³⁶
780 340 818 373 et:

257 389 562 425 delectabuntur
596 387 635 421 in
677 385 818 421 multi—

259 438 394 475 tudisse
415 435 534 481 pacis.

305 485 349 520 12
387 481 619 519 Observabit
641 481 819 525 peccator

255 531 427 578 justum:
448 531 467 549 ἕ
489 532 526 564 et
548 527 733 563 stridebit
752 536 820 560 su-

257 591 324 626 per
345 588 432 613 eum
454 576 641 612 dentibus
664 574 761 626 suis.
795 619 801 625 .

305 626 359 661 13.
383 625 571 660 Dominus
586 624 716 657 autem
734 630 822 655 irri-

256 673 364 710 debit
400 682 509 713 eum;
571 669 585 684 ³*
636 667 820 714 quoniam

258 719 447 767 prospicit
467 718 571 763 quod
589 716 719 752 veniet
737 714 821 750 dies

258 766 357 813 ejus.
697 809 703 815 ·

304 815 361 850 14.
386 812 565 849 Gladium
595 819 822 855 evaginave-

259 865 351 898 runt
364 863 586 907 peccatores
599 858 631 900 3*
648 856 824 907 intende-

259 912 351 945 runt
368 917 501 943 arcum
518 916 647 941 suum.
659 905 708 951 Ut
723 903 822 948 deji-

258 957 363 992 ciant
380 964 586 1001 pauperem
601 956 639 988 et
651 952 819 996 inopem3

258 1004 278 1024 ⁴*
290 1006 334 1039 ut
348 1003 546 1039 trucident
556 1003 682 1036 rectos
691 998 819 1034 corde.

307 1051 362 1086 15.
379 1049 540 1085 Gladius
551 1057 684 1083 eorum
699 1046 821 1080 intret

260 1099 299 1133 in
332 1098 445 1133 corda
489 1096 695 1141 ipsorum,
730 1093 751 1112 *
784 1095 822 1127 et

258 1156 374 1181 arcus
387 1154 519 1179 eorum
531 1142 820 1186 confringatur.

307 1192 362 1227 16.
384 1191 524 1226 Melius
546 1193 605 1225 est
628 1188 821 1223 modicum

258 1238 379 1285 justo,
394 1239 407 1252 ⁴
429 1249 546 1283 super
564 1236 724 1273 divitias
740 1245 825 1280 pec-

260 1290 435 1323 catorum
458 1285 616 1319 multas.

307 1334 364 1368 17.
412 1333 599 1376 Quoniam
664 1328 823 1365 brachia

262 1384 506 1427 peccatorum
529 1376 824 1429 conterentur*

261 1428 467 1463 confirmat
518 1430 647 1462 autem
695 1427 824 1475 Jbustos

263 1475 464 1511 Dominus.

313 1523 366 1557 18.
389 1521 503 1556 Novit
524 1520 712 1555 Dominus
742 1518 825 1554 dies

264 1569 602 1604 immaculatorum
647 1578 654 1609 ;
711 1565 730 1584 ἧς
788 1568 826 1600 et

263 1616 473 1652 lia-reditas
495 1626 626 1650 eorum
649 1614 687 1648 in
709 1616 826 1649 zeter-

264 1675 355 1699 num
376 1663 464 1698 erit.

315 1712 367 1746 19.
387 1710 772 1745 Nonconiundentur
789 1708 827 1742 in

266 1760 438 1803 tempore
452 1757 564 1794 malo.
583 1760 619 1791 el,
636 1756 673 1790 in
690 1756 829 1791 diebus

267 1806 380 1840 famis
403 1804 691 1839 saturabuntur
715 1814 723 1842 ς

314 1852 357 1887 20
385 1852 713 1895 Quiapefflatores
728 1850 830 1895 peri—

266 1900 378 1935 bunt.
402 1898 551 1933 Inimici
567 1908 657 1932 vero
678 1896 829 1932 Domini

268 1957 356 1981 mox
398 1949 445 1980 ut·
472 1944 716 1979 honorificati
750 1945 832 1979 iue—

270 1994 351 2029 rint
379 1996 417 2027 et
454 1991 642 2033 exaltati3
683 1991 703 2010 θ’·
738 1992 833 2026 deli-

269 2041 439 2078 cientes,
504 2039 831 2084 quemadmodum

272 2089 402 2122 tumus
423 2086 621 2122 deficient.

318 2135 375 2169 21.
395 2133 640 2168 Mutuabitur
657 2137 835 2177 peccator

272 2186 309 2217 et
326 2192 401 2216 non
419 2181 543 2215 solvet
559 2192 565 2221 ;
584 2181 603 2199 ³¹·
623 2177 756 2224 justus
772 2191 838 2215 au-

274 2233 349 2264 tem
366 2228 576 2263 miseretur
595 2230 631 2262 ct
652 2227 811 2263 tribuet.

320 2276 376 2310 22
424 2275 518 2318 Quia
559 2274 836 2310 benedicentes

275 2323 306 2358 ei
328 2322 619 2357 iimreditabunt
640 2324 781 2357 terram
798 2333 805 2364 ;

276 2368 551 2405 maledicentes
619 2372 748 2405 autem
805 2369 861 2404 ei·

275 2417 539 2462 disperibunt.

321 2464 379 2499 23.
451 2464 563 2508 Apud
634 2464 838 2498 Dominum

277 2521 439 2557 gressus
461 2510 632 2545 hominis
661 2511 840 2556 dirigen—

281 2562 369 2599 tur;
393 2561 404 2569 ¹
428 2561 465 2591 et
486 2558 586 2592 viam
606 2556 691 2603 ejus
714 2558 834 2593 volet.

327 2605 382 2639 24.
403 2606 495 2638 (lum
524 2605 723 2643 ceciderit.
765 2616 841 2639 non

281 2652 502 2689 collidetur:
520 2652 539 2670 't
551 2652 639 2696 quia
657 2652 843 2687 Dominus

282 2699 467 2743 supponit
491 2709 647 2733 manum
670 2709 794 2734 suam.

331 2746 386 2779 25.
421 2745 561 2779 Junior
602 2746 669 2785 rui,
700 2746 842 2780 etenim

284 2792 396 2827 senui
410 2803 417 2831 ς
432 2792 450 2810 ³⁸
463 2795 498 2826 et
513 2803 589 2826 non
604 2793 681 2828 vidi
693 2791 845 2837 justum

285 2839 529 2874 derelictum,
596 2850 664 2874 nec
715 2850 846 2874 semen

287 2884 372 2930 eJ'us
392 2896 573 2930 quaerens
597 2896 746 2930 panem.

334 2932 391 2967 26.
416 2933 506 2967 'sola
544 2933 606 2967 die
640 2933 849 2968 miseretur

289 2982 326 3013 et
360 2980 606 3017 commodat:
648 2982 684 3014 et
718 2991 849 3014 semen

292 3026 398 3060 illius
414 3026 450 3059 in
471 3026 742 3060 benedictione
760 3027 848 3061 erit.

289 3112 299 3120 ·
339 3074 393 3106 27.
418 3073 572 3107 Dec-lina
613 3084 632 3107 a
663 3074 775 3108 malo.
815 3077 847 3107 cl

293 3121 351 3154 fac
369 3120 511 3154 bonum
534 3131 541 3159 ς
604 3123 639 3154 et
679 3120 851 3155 inhabita

293 3167 331 3201 in
354 3167 541 3201 safeulum
561 3167 710 3201 swculi.

339 3213 397 3247 28.
421 3213 515 3256 Quia
542 3213 728 3247 Dominus
749 3217 854 3248 amat

292 3258 482 3305 iudicium
505 3263 542 3295 ct
569 3271 646 3294 non
682 3260 853 3295 derelin-

892 299 904 330 Τ

1033 166 1245 206 -98-

972 291 1214 331 Insidiatur
1236 295 1440 342 peccator
1454 294 1602 330 contra
1624 291 1791 342 justum

1026 360 1068 395 et
1085 356 1242 395 stridet
1263 367 1395 406 super
1416 367 1514 395 eum
1539 355 1746 395 dentibus
1767 356 1860 395 suis
1883 370 1892 403 ;

974 419 1095 467 [Sed]
1119 420 1332 460 Dominus
1354 425 1503 460 noster
1523 420 1680 460 irridet
1705 421 1758 468 ei,

1027 485 1239 537 quoniam
1263 485 1381 524 videt
1402 486 1520 536 quod
1543 485 1722 526 advenit
1746 485 1840 525 dies
1862 485 1971 536 eJus.

977 604 1179 643 Gladium
1201 604 1436 654 evaginant
1458 608 1722 655 peccatores,

1029 674 1068 708 et
1090 669 1350 708 conculcant
1369 681 1521 709 arcum
1542 681 1698 717 suum,-

976 735 1039 774 Ad
1065 734 1364 785 dejiciendum
1397 734 1612 774 humilem
1647 739 1687 774 et
1718 746 1974 785 pauperem,

1030 800 1081 838 ad
1105 799 1431 838 immolandum
1454 804 1596 839 rectos
1619 799 1700 839 via.

978 861 1100 908 [Sed]
1115 864 1290 914 gladius
1307 876 1457 904 eorum
1474 864 1659 904 intrabit
1674 864 1720 903 in
1735 875 1809 904 cor
1830 864 2029 915 ipsorum

1030 934 1069 968 et
1091 940 1219 969 arcus
1241 941 1393 969 eorum
1418 929 1770 980 confringentur.

975 1048 1133 1088 Melius
1156 1049 1254 1099 [est]
1277 1049 1502 1089 modicum
1522 1049 1627 1099 justi

1029 1125 1162 1164 quam
1179 1114 1451 1153 abundantia
1469 1119 1747 1164 peccatorum
1769 1113 2028 1152 multorum:

976 1178 1191 1226 Quoniam
1221 1179 1398 1218 brachia
1427 1184 1707 1230 peccatorum
1744 1182 2031 1218 conterentur

1031 1245 1136 1283 dum
1160 1249 1376 1284 sustentat
1396 1245 1535 1295 Justos
1556 1245 1735 1284 Jehova.

1869 1308 2030 1355 [torum

979 1368 1234 1419 Benigniter
1259 1370 1417 1419 a=picit
1448 1370 1611 1409 Jeliova
1649 1369 1743 1409 dies
1779 1367 2034 1408 immacula-

1033 1438 1074 1473 et
1107 1435 1353 1474 haereditas
1376 1446 1527 1474 eorum
1559 1434 1766 1485 usquein
1803 1438 2033 1474 aeternum

1723 1497 2033 1550 [permanebit,

982 1565 1073 1604 Non
1095 1566 1355 1606 erubescent
1376 1566 1636 1616 intempore
1656 1564 1860 1604 miseriae

1036 1636 1076 1670 et
1097 1631 1143 1670 in
1162 1631 1318 1671 diebus
1342 1631 1471 1671 samis
1492 1631 1829 1671 saturabuntur.

983 1753 1145 1792 Verum
1171 1756 1419 1801 peccatores
1443 1751 1668 1801 peribunt,
1834 1747 2036 1794 [cuorum

1039 1822 1079 1856 et
1112 1816 1284 1856 inimici
1317 1817 1508 1855 Jehovae
1543 1816 1655 1855 sicut
1694 1815 1905 1865 splendor
1945 1823 2037 1863 pas-

987 1882 1256 1921 Evanescent

1040 1947 1154 1986 sicut
1178 1947 1326 1985 tumus
1348 1951 1623 1985 evanescent.

990 2071 1215 2110 Mutuatur
1250 2075 1451 2121 peccator
1485 2075 1523 2109 et
1548 2081 1633 2108 non
1655 2067 1817 2107 valebit
1838 2068 2038 2114 reddere,

1041 2136 1145 2174 dum
1169 2135 1313 2185 justus
1337 2134 1586 2176 miseretur,
1613 2138 1653 2172 et
1674 2134 1772 2179 dat;

992 2201 1098 2239 Nam
1124 2199 1343 2239 benedicti
1364 2200 1458 2250 ejus
1480 2198 1767 2249 possidebunt
1788 2201 1949 2236 terram

1046 2266 1151 2304 dum
1176 2264 1399 2304 maledicti
1423 2264 1516 2314 ejus
1538 2264 1835 2303 destruentur.

995 2388 1077 2427 Per
1095 2388 1305 2428 Jehovam
1325 2399 1503 2438 gressus
1526 2387 1608 2426 viri
1631 2385 1921 2426 stabiliuntur

1048 2458 1087 2492 et
1109 2450 1190 2499 lin]
1213 2453 1367 2492 semita
1387 2453 1481 2503 ejus
1499 2452 1754 2492 delectatur.

997 2517 1103 2557 Cum
1127 2518 1256 2565 cadit,
1282 2530 1365 2557 non
1391 2517 1699 2568 prosternitur,

1048 2583 1151 2634 quia
1181 2584 1343 2623 Jehora
1367 2587 1583 2623 sustentat
1607 2593 1787 2622 manum
1810 2582 1918 2633 ejus.

997 2707 1154 2746 Junior
1174 2707 1255 2753 fui,
1278 2706 1438 2748 deinde
1457 2707 1582 2746 senui

1055 2777 1097 2811 et
1112 2784 1199 2811 non
1221 2771 1311 2811 vidi
1334 2772 1500 2822 justum
1523 2772 1782 2811 derelictum

1054 2842 1093 2876 et
1116 2848 1265 2876 semen
1283 2837 1377 2888 ejus
1399 2848 1617 2887 quaerens
1634 2848 1808 2888 panem.

1003 2901 1200 2951 Singulis
1222 2901 1378 2940 diebus
1401 2902 1637 2941 miseretur
1658 2906 1698 2941 et
1719 2903 1972 2942 commodat

1055 2971 1095 3005 et
1114 2978 1265 3006 semen
1287 2966 1382 3016 ejus
1404 2967 1449 3005 in
1468 2967 1777 3007 benedictione
1800 2966 1914 3016 [est].

925 3097 949 3126 0
1006 3089 1171 3127 Recede
1190 3102 1210 3128 a
1232 3091 1344 3128 malo
1367 3095 1405 3128 et
1427 3090 1492 3128 sac
1516 3091 1678 3129 bonum

1059 3157 1098 3191 et
1121 3153 1338 3192 habitabis
1364 3154 1408 3192 in
1430 3159 1675 3197 aeternum,

1007 3216 1112 3262 Quia
1134 3216 1296 3256 Jehova
1318 3218 1465 3268 diligit
1485 3218 1703 3268 judicium

1059 3284 1100 3318 et
1121 3292 1209 3320 non
1231 3281 1501 3332 derelinquit
1519 3286 1691 3321 sanctos
1711 3293 1828 3322 suos.
