2189 3563
79 2742 113 2770 V

144 284 273 321 omnia
299 289 555 327 quaecumque
588 277 702 312 faciet

144 329 494 379 prosperabuntur.
553 371 574 377 ..

191 379 224 413 4.
258 378 339 411 Non
379 375 434 409 sic
468 382 591 417 impii,
626 380 704 405 non

145 425 223 464 sic:
247 423 260 437 ³
281 422 349 458 sed
368 425 551 465 tanquam
574 417 704 463 pulvis

145 480 257 517 quem
298 466 455 514 projicit
507 469 645 501 ventus
684 474 704 499 a

146 518 245 553 facie
268 520 396 551 terrae.

191 566 224 599 5.
250 564 337 599 Ideo
378 572 454 596 non
495 561 706 605 resurgent

146 612 253 657 impii
275 611 313 644 in
340 607 488 655 judicio
506 618 513 650 ;
534 607 546 619 ⁹·

145 661 367 705 peccatores
384 656 423 690 in
441 654 607 691 concilio
625 663 704 699 Jus-

146 710 288 742 torum.

191 753 224 788 6.
249 751 438 795 Quoniam
453 749 562 784 novit
582 747 709 783 Domi-

147 810 220 836 nus
243 799 343 834 viam
370 796 567 843 justorum
593 806 600 836 ;
623 795 637 808 *
671 797 708 830 et

147 848 220 883 iter
243 846 450 898 impiorum
479 843 635 889 peribit.

581 616 721 657 neque

782 399 877 438 Non
897 398 960 438 sic
980 396 1115 448 [sunt]
1139 397 1293 447 impii:

1322 274 1359 314 11

832 464 907 503 sed
933 461 1066 513 [sunt]
1091 462 1204 501 sicut
1234 461 1397 512 stipula
1431 473 1564 512 quam
1599 462 1777 513 projicit
1810 474 1910 502 ven-

782 546 1014 596 Propterea
1033 555 1121 583 non
1142 549 1259 583 stant
1278 543 1408 594 impii
1430 543 1474 583 in
1497 544 1676 595 judicio,

1792 526 1906 578 [tusz

834 621 978 660 neque
1001 614 1251 660 peccatores
1274 608 1329 647 in'
1340 613 1557 648 conventu
1579 609 1798 660 justorum
1820 623 1828 656 ;

781 692 995 740 Quoniam
1013 691 1341 742 contemplatur
1353 691 1517 730 Jehova
1537 691 1653 731 viam
1671 692 1908 742 Justorum,

835 758 939 796 dum
966 757 1030 795 via
1053 756 1293 807 impiorum
1316 756 1362 795 in
1378 755 1609 796 interitum
1630 756 1765 796 ducit.

1591 935 1823 978 PSAUME
1855 935 1911 977 11.

225 1074 283 1110 La
302 1066 583 1120 signification
620 1066 892 1118 messiamque
923 1065 968 1104 de
988 1076 1028 1104 ce
1047 1075 1217 1116 psaume
1240 1068 1298 1104 est
1315 1062 1550 1104 inde'nz'able
1568 1076 1580 1104 :
1602 1062 1633 1104 il
1654 1076 1842 1105 amwnce
1877 1062 1915 1102 la

148 1133 406 1174 domination
431 1128 669 1171 universelle
696 1129 750 1169 (lu
773 1130 925 1178 Messie,
951 1140 1035 1168 non
1055 1126 1266 1182 politione,
1290 1128 1396 1167 mais
1417 1127 1631 1180 relz'qae‘euse
1646 1140 1659 1170 .·
1676 1127 1707 1169 il
1724 1128 1818 1181 sant
1840 1140 1916 1181 que

150 1206 239 1239 tous
260 1196 313 1237 les
330 1198 415 1236 roz's
436 1197 480 1236 (Ie
503 1195 542 1234 la
565 1203 670 1235 terre
690 1207 730 1234 se
748 1200 996 1235 sozlmectenc
1017 1206 1072 1233 αα
1094 1191 1198 1233 culte
1219 1194 1273 1233 du
1293 1195 1385 1233 vrai
1406 1195 1510 1233 Dian
1532 1192 1718 1246 (Strophe
1744 1195 1832 1245 IV).
1866 1197 1916 1233 Le

112 1284 114 1287 >
147 1275 311 1316 psaume
333 1266 399 1303 CX
419 1268 476 1301 esc
494 1261 698 1313 analoque
719 1262 744 1301 α
764 1272 804 1300 ce
828 1270 1000 1312 psaume
1021 1259 1078 1308 II,
1102 1256 1139 1298 ία
1166 1257 1398 1310 metaphora
1418 1259 1474 1299 du
1499 1260 1638 1300 Messie
1660 1259 1916 1313 conque'rant
1972 1288 1980 1297 .

149 1333 246 1378 yest
265 1326 594 1378 seulementplns
616 1324 851 1365 siccentue'e:
889 1322 1051 1363 l’union
1083 1324 1229 1363 e'troe'te
1261 1324 1307 1364 de
1341 1321 1501 1364 Yahveh
1532 1330 1570 1364 et
1602 1323 1658 1364 du
1690 1324 1829 1365 Messie
1859 1328 1917 1363 est

149 1393 335 1446 indique'e
374 1390 419 1430 de
454 1392 559 1431 deux
587 1391 727 1431 cotes:
758 1390 854 1430 leur
894 1387 989 1435 lien,
1032 1390 1129 1430 leur
1155 1390 1286 1441 J'ougss
1321 1390 1553 1430 assieds-toi
1587 1388 1612 1430 ἀ
1645 1402 1715 1431 ma
1755 1387 1915 1437 droit&

149 1460 317 1499 Adonai·
347 1464 404 1496 esc
436 1458 461 1496 (i
488 1469 532 1498 sa
570 1457 699 1496 droz'te
735 1459 807 1494 etc.
843 1458 901 1494 La
928 1453 1126 1506 diffusion
1158 1453 1215 1494 (lu
1248 1453 1355 1495 culte
1390 1455 1445 1495 du
1469 1456 1559 1495 urai
1579 1455 1681 1495 Diem
1702 1456 1841 1508 parmi
1864 1454 1917 1493 les

132 1525 316 1563 ,nations
349 1528 406 1561 est
437 1520 570 1572 l’objec
602 1521 647 1560 de.
679 1518 937 1560 nombreuses
974 1517 1204 1572 prophe‘ties
1238 1517 1343 1560 dans
1378 1518 1432 1560 les
1458 1532 1648 1573 psaumes
1675 1527 1712 1561 ec
1743 1521 1848 1561 dans
1885 1518 1918 1559 le

150 1585 297 1627 recueil
315 1587 380 1626 des
397 1585 609 1638 prophetes
627 1585 689 1637 (¹).
709 1607 761 1614 —
797 1587 950 1634 Quatre
977 1583 1174 1638 strophes,
1196 1587 1378 1638 se‘parcies
1410 1584 1613 1639 autrefois
1630 1597 1712 1638 par
1729 1583 1918 1626 l'indica·

197 1807 242 1841 11.
266 1825 307 1830 —-
331 1806 362 1843 ’1.
386 1806 509 1849 Quare
541 1806 709 1841 fremue—

151 1862 243 1894 runt
276 1862 425 1901 gentes,
458 1858 471 1871 ⁹*
504 1863 541 1894 et
578 1859 710 1903 populi

150 1912 325 1948 meditati
349 1916 443 1947 sunt
465 1912 596 1947 inania
615 1909 634 1946 ἶ)

195 1972 228 2005 2.
252 1970 479 2006 Astiterunt
502 1981 613 2017 reges
638 1973 711 2005 ter-

151 2034 216 2063 rae,
240 2027 277 2059 et
298 2024 496 2069 principes
517 2034 710 2059 convene-

151 2080 243 2112 runt
267 2077 304 2111 in
328 2088 462 2113 unum.
485 2077 499 2089 ²*
520 2078 711 2112 adversus

154 2130 372 2168 Dominum,
431 2133 468 2165 ct
521 2130 711 2165 adversus

154 2182 351 2218 Christum
375 2181 473 2228 ejus.

197 2242 230 2275 3.
257 2242 532 2287 Dirumpamus
554 2242 712 2277 vincula

153 2305 306 2336 eorunm
332 2296 343 2305 ’
366 2299 400 2330 et
421 2292 673 2340 projiciamus
692 2305 712 2330 a

154 2347 265 2382 nobis
279 2346 416 2393 jugum
440 2347 627 2392 ipsorum.

200 2406 232 2440 4.
256 2406 326 2449 Qui
354 2406 503 2441 habitat
535 2406 573 2440 in
603 2407 713 2442 coelis

155 2458 333 2493 irridebit
364 2469 428 2494 eos
449 2469 456 2497 2
477 2458 496 2477 '⁸‘
518 2462 555 2494 et
584 2459 714 2494 Domi-

156 2520 229 2545 nus
252 2512 513 2546 subsannabit
540 2522 617 2547 eos.

201 2569 234 2603 5.
258 2569 363 2605 Tunc
383 2570 565 2614 loquetur
585 2570 633 2606 ad
651 2581 715 2606 cos

157 2621 195 2655 in
216 2621 271 2656 ira
292 2632 375 2661 sua,
407 2623 424 2639 ³⁸·
448 2625 483 2657 et
506 2622 544 2656 in
587 2624 716 2659 furore

157 2683 227 2709 suo
242 2675 493 2710 conturbabit
516 2686 594 2710 cos.

203 2732 236 2767 6.
262 2733 338 2777 Ego
358 2737 487 2785 auten]
518 2735 714 2770 constitus

790 2168 1024 2221 [Dicentes]
1051 2185 1058 2210 :

788 1810 929 1858 Quare
952 1811 1150 1851 tremunt
1169 1816 1321 1862 gentes

1339 1723 1355 1762 1

842 1880 882 1914 et
898 1875 1050 1926 populi
1070 1876 1341 1916 meditantur
1362 1876 1494 1916 inane
1515 1875 1720 1928 [aliquid]
1737 1877 1759 1917 ⁶?

785 1957 1016 2010 Adsistunt
1037 1969 1161 2009 reges
1183 1962 1324 1997 terrae

839 2027 879 2061 et
901 2022 1124 2073 principes
1144 2023 1438 2063 consiliantur
1461 2024 1546 2063 una

838 2088 1050 2126 adversus
1064 2088 1274 2127 Jehovam
1288 2093 1327 2142 et
1341 2089 1552 2128 adversus
1567 2093 1748 2128 unctum
1762 2089 1856 2141 ejus
1871 2089 1918 2140 (Ξ)

1085 2183 1104 2208 «
1128 2170 1439 2222 dirumpamus
1460 2171 1637 2211 vincula
1659 2183 1811 2212 eorum

843 2248 857 2270 α
899 2238 940 2274 et
981 2235 1268 2287 projiciamus
1297 2247 1319 2275 a
1355 2236 1481 2275 nobis
1514 2236 1642 2276 funes
1675 2248 1825 2277 eorum
1853 2237 1860 2276 1
1901 2252 1917 2274 »

1324 2298 1472 2351 {Selah,
1495 2301 1666 2352 d’apres
1687 2302 1750 2342 les
1771 2302 1915 2354 LXXJ.

1338 2425 1374 2464 ΙΙ

793 2518 910 2568 [Sed]
935 2520 1091 2559 sedens
1112 2519 1158 2559 in
1180 2520 1313 2560 caelis
1343 2520 1512 2567 irridet,

847 2584 1015 2624 Adonai
1036 2584 1277 2624 subsannat
1298 2596 1391 2633 eos;

792 2666 946 2705 Statim
972 2667 1254 2717 respondebit
1275 2667 1338 2707 eis
1359 2667 1405 2706 in
1426 2666 1490 2706 ira
1509 2678 1587 2706 sua

845 2736 884 2770 et
907 2731 951 2769 in
976 2732 1124 2771 furore
1147 2743 1225 2771 suo
1248 2731 1428 2772 terrebit
1453 2743 1525 2771 eos
1547 2729 1757 2784 [dicens]:

221 2850 262 2887 11)
288 2849 390 2888 15ηῑυ,
412 2849 452 2888 11,
474 2850 492 2880 2
512 2852 546 2881 et
564 2852 675 2883 suiv.:
702 2851 726 2882 11
747 2853 907 2883 arrivcra
929 2856 946 2883 a
969 2853 999 2883 la
1023 2854 1069 2884 fin
1089 2854 1148 2885 des
1167 2856 1281 2894 temps

752 2902 820 2931 que
842 2893 872 2924 la
895 2897 1086 2930 montaunc
1107 2895 1150 2926 de
1171 2895 1202 2925 la
1226 2896 1359 2925 maison
1381 2895 1424 2926 de
1445 2895 1589 2926 Yahveh

692 2934 863 2964 Seleu-ra
887 2944 950 2974 par
967 2936 1090 2966 (lessus
1110 2935 1242 2976 [toutcs
1263 2936 1314 2967 les
1333 2936 1468 2976 autres]
1492 2939 1702 2976 montagnes

753 2977 787 3005 et
806 2976 987 3007 doininera
1012 2986 1072 3013 par
1093 2979 1216 3008 (lessus
1238 2977 1287 3007 les
1307 2976 1465 3013 collines,

692 3016 731 3046 Et
753 3017 868 3046 toutcs
890 3017 938 3047 les
960 3019 1098 3049 nations
1122 3027 1142 3057 y
1163 3020 1373 3049 accourront

755 3058 789 3086 et
807 3056 857 3087 los
881 3059 1023 3097 penples
1041 3060 1230 3090 viendront
1249 3067 1292 3089 cn
1313 3059 1424 3099 grand
1446 3060 1595 3090 nombre
1613 3060 1729 3092 disant
1747 3069 1753 3091 :

694 3096 817 3133 Venoz,
840 3100 1001 3129 montons
1019 3102 1036 3129 a
1058 3099 1089 3130 la
1112 3102 1303 3137 montagne
1322 3101 1365 3130 de
1383 3100 1539 3138 Yahveh‚

756 3140 772 3167 a
796 3137 825 3167 la
849 3141 1039 3177 montagne
1056 3142 1102 3171 dn
1126 3142 1209 3171 Dieu
1232 3142 1275 3172 de
1291 3141 1424 3172 Jacob:

694 3178 717 3208 ll
741 3186 827 3209 nous
849 3180 1017 3211 instruira
1036 3182 1078 3211 de
1099 3191 1154 3212 scs
1172 3183 1265 3212 voies

753 3221 787 3250 et
809 3228 895 3250 nous
917 3222 1146 3253 marcherons
1167 3223 1253 3254 dans
1274 3231 1329 3253 ses
1346 3223 1509 3254 sentiers.
