2243 3568
1028 227 1079 232 —-
1108 204 1187 244 400
1216 226 1268 233 -

1591 330 1820 373 PSAUME
1852 330 2022 374 CXLV.

342 435 501 483 llysmne
534 433 559 471 ἁ.
596 431 633 471 Ia
667 431 880 483 yrandeur
911 440 948 472 et
976 434 999 472 ἁ
1035 431 1075 473 la
1109 431 1229 472 bome'
1258 432 1304 472 de
1343 432 1515 482 Yahveh,
1548 446 1597 474 en
1617 432 1747 486 forme
1768 434 2033 476 d’acrostiche

260 495 576 549 alphabetiqueg
612 495 652 536 la
687 497 802 537 lettre
842 510 934 538 nun
961 497 1040 550 sai!
1061 497 1205 550 de'laut
1225 498 1329 537 dans
1358 497 1546 546 l’hr'breu,
1582 501 1687 539 mais
1721 498 1774 540 les
1807 504 1911 540 LXX
1939 507 1978 540 et
1998 499 2032 541 le

258 563 458 615 Syriaque
478 561 783 611 permvtzemsle
804 561 975 602 re‘tablz'r
996 562 1029 601 le
1060 568 1187 602 verset
1218 575 1294 617 qne
1324 571 1422 603 celte
1454 562 1572 604 lettre
1605 564 1896 616 co‘mmensaic:
1929 567 2030 606 nee-

261 628 361 666 man
384 628 557 666 Yaliveli
584 628 623 667 bi
649 629 812 667 drakav
831 651 881 655 —
903 640 950 668 ve
976 630 1098 678 basid
1121 630 1250 669 bekol
1274 630 1482 677 ma‘asfiv,
1510 628 1669 680 (ίάρνὲς
1691 628 1724 669 le
1752 632 1969 684 Syriaque,
1993 637 2031 671 et

258 696 383 734 πιστὸς
406 695 523 744 κύριος
545 693 580 729 ἐν
602 698 677 735 τοῖς
699 694 806 744 λόγος
824 691 934 730 &uro-3
956 717 1007 720 —
1029 698 1088 731 καὶ
1109 694 1204 737 ὅσιος
1225 695 1262 731 ἐν
1283 699 1369 732 πᾶσι
1391 694 1467 737 τοῖς
1489 695 1608 748 ἔργοις
1637 693 1762 741 ἀυτοῧ,
1789 694 1948 747 Ιίἀρΐρε
1976 693 2030 740 [68

257 761 462 808 Septumio.
486 758 662 798 Yaliveh
685 763 748 798 est
772 759 900 799 fidele
921 771 974 799 en
997 765 1139 799 toutes
1161 772 1229 800 ses
1251 760 1369 800 voies
1405 760 1477 809 (ou
1510 772 1578 800 ses
1613 762 1800 813 paroIes,
1824 762 1964 812 LXX),
1989 767 2031 803 et

260 823 625 863 misericordieux
659 835 713 863 en
743 829 883 863 toutes
917 836 985 864 ses
1007 837 1200 870 oeuvres:
1225 826 1317 864 c’esl
1337 837 1507 876 presque
1529 824 1830 866 temuelcmnent
1848 825 1882 867 le
1905 834 2031 867 verset

313 919 489 958 CXLIV.
514 942 561 945 —
587 920 621 957 1.
664 919 820 959 Lixum>

257 985 323 1012 'rio
347 984 424 1011 wsi
446 973 591 1012 DAvm.

308 1050 494 1085 Exaltabo
519 1053 567 1086 te.
588 1050 689 1085 Deus
712 1060 821 1085 meus

259 1108 340 1133 rex.
376 1098 392 1115 *⁵
428 1101 463 1132 et
496 1097 721 1133 benedicam
752 1108 821 1132 no-

260 1145 353 1179 mini
391 1148 455 1179 tuo
490 1145 528 1179 in
557 1145 760 1183 saeeulum,
785 1148 823 1180 et

260 1192 297 1226 in
321 1192 507 1227 swculum
532 1192 680 1227 saeculi.

307 1240 327 1274 2
363 1240 433 1274 Per
452 1240 632 1285 singulos
648 1239 732 1275 dies
754 1239 821 1274 bc—

260 1287 434 1322 nedicam
461 1287 530 1322 tibi
554 1288 570 1305 ³³
595 1290 633 1322 et
655 1287 821 1322 laudabo

259 1345 399 1369 nomen
423 1338 531 1369 tuum
556 1335 593 1368 in
617 1334 819 1375 szeculum,

259 1385 296 1417 et
319 1381 357 1416 in
380 1382 567 1416 saeculum
591 1382 739 1417 szeculi.

306 1430 338 1464 3.
364 1430 530 1472 Magnus
563 1429 751 1464 Dominus
785 1432 822 1463 et

259 1476 469 1511 laudabilis
488 1477 628 1519 nimis;
647 1477 664 1495 ³¹¹⁵
689 1480 726 1511 et
746 1487 817 1511 ma-

258 1524 482 1569 gnitudinis
519 1522 605 1569 ejus
645 1534 721 1558 non
762 1526 821 1559 est

260 1571 364 1606 linis.

306 1619 338 1653 4.
361 1619 570 1653 Generatio
591 1621 626 1653 et
655 1629 820 1661 genera—

261 1666 312 1701 tio
336 1666 509 1700 laudabit
542 1677 657 1711 opera
687 1669 777 1707 tua;
806 1668 821 1685 ³³·

258 1717 293 1748 et
339 1714 551 1758 potentiam
593 1717 695 1748 tuam
732 1724 821 1759 pro-

261 1761 516 1795 nuntiabunt.

306 1809 339 1843 ij.
363 1808 655 1853 Magnilicrntia
685 1808 822 1853 glorian

259 1856 484 1890 sanctitatis
500 1859 575 1890 tuae
588 1856 819 1900 loquentur:

259 1903 276 1921 ²³
299 1906 335 1938 et
359 1903 552 1938 mirabilia
587 1908 650 1937 tua
685 1913 822 1938 narra—

258 1950 370 1985 bunt.

305 1998 339 2032 6.
366 1998 409 2032 Et
441 1997 626 2032 virtutem
664 1997 822 2032 terribi-

259 2045 353 2079 lium
397 2048 551 2079 tuorum
599 2045 731 2080 dicent
755 2056 762 2087 ;
804 2046 823 2063 *

261 2096 298 2127 et
345 2093 658 2137 magnitudinem
718 2095 821 2127 tuam

261 2140 493 2175 narrabunt.

307 2188 339 2221 7.
365 2187 588 2222 Memoriam
617 2187 823 2222 abundan-

262 2234 324 2269 tiae
343 2235 553 2270 suavitatis
571 2238 646 2269 tuae
667 2237 823 2269 eructa—

260 2282 384 2323 bunt;
427 2282 444 2300 ἢ*
484 2285 521 2316 et
560 2279 716 2327 justitia
758 2285 822 2317 tua

260 2329 510 2364 exultabunt.

305 2376 339 2411 8.
378 2377 584 2411 Miserator
606 2380 643 2411 et
669 2377 822 2411 miseri-

259 2434 346 2458 cors
366 2424 579 2465 Dominus;
654 2424 820 2469 pauens,

261 2475 297 2506 et
322 2471 487 2506 multum
511 2471 749 2507 misericors.

306 2518 339 2553 9.
361 2519 501 2553 Suavis
525 2519 713 2554 Dominus
733 2519 822 2553 uni-

261 2566 409 2607 versis;
444 2566 460 2583 ᾗ*
489 2569 526 2601 et
549 2566 822 2601 miserationes

260 2610 345 2657 ejus
382 2623 499 2658 super
538 2614 667 2649 omnia
707 2624 821 2659 opera

260 2658 358 2704 ejus.

309 2707 363 2741 10.
413 2708 685 2743 Confiteantur
736 2709 820 2750 tibi,

265 2754 435 2791 bomine,
454 2756 581 2789 omnia
598 2766 712 2800 opera
734 2759 820 2798 tua;

262 2801 279 2818 ³⁸
302 2804 335 2835 et
360 2802 485 2836 sancti
510 2803 565 2837 tui
589 2803 822 2838 benedicant

264 2848 346 2883 tibi.

311 2896 364 2929 11.
404 2896 573 2931 Gloriam
613 2898 722 2942 regni
765 2898 819 2932 tui

261 2942 393 2976 dicent
426 2953 433 2983 ;
475 2944 494 2961 ζ’
533 2948 568 2978 et
609 2945 820 2988 potentiam

265 2992 367 3023 tuam
392 2989 614 3034 loquentur.

315 3036 366 3070 12.
413 3037 457 3071 [st
504 3041 632 3072 notam
679 3038 822 3073 faciant

265 3083 357 3117 tiliis
381 3083 579 3118 hominum
607 3085 819 3129 potentiam

266 3133 367 3164 luam
389 3132 428 3164 z*
444 3134 480 3165 et
496 3131 658 3176 gloriam
676 3133 823 3177 magni-

265 3176 431 3211 ficentiae
454 3179 564 3223 regni
586 3179 654 3213 tui.

311 3224 366 3258 13.
402 3225 575 3269 Regnum
615 3229 722 3260 tuum
761 3236 822 3260 re-

262 3281 383 3315 gnum
429 3272 600 3306 omnium
658 3273 822 3307 saeculo—

265 3327 371 3352 rum:
397 3318 413 3335 ‘²'
437 3321 472 3352 et
509 3318 723 3353 dominatio
758 3323 822 3354 tua

897 1055 922 1084 N

897 2435 923 2465 12

1312 922 1423 961 LAUS
1464 922 1611 961 DAvm.

978 1045 1186 1085 Exaltabo
1209 1051 1262 1093 te,
1285 1058 1308 1085 0
1331 1047 1389 1085 mi
1417 1047 1544 1094 Deus,
1569 1059 1592 1086 o
1616 1059 1706 1087 rex.
1808 1059 2026 1112 [gempfflg

1030 1128 1070 1162 et
1093 1123 1350 1162 benedicam
1374 1124 1543 1163 nomini
1567 1129 1641 1164 tuo
1662 1125 1707 1163 in
1740 1127 1964 1165 saeculum
1989 1132 2030 1166 et

978 1219 1024 1256 In
1047 1219 1166 1257 omni
1191 1219 1261 1257 die
1285 1219 1538 1258 benedicam
1565 1220 1642 1259 tibi
1810 1231 2026 1284 [semper-1

1030 1302 1069 1336 et
1091 1296 1280 1336 laudabo
1302 1309 1465 1336 nomen
1500 1303 1623 1337 tuum
1662 1299 1706 1337 in
1739 1299 1965 1343 saeculum
1989 1304 2030 1339 et

977 1390 1161 1440 Magnus
1188 1391 1348 1430 Jeliova
1375 1396 1415 1429 et
1438 1391 1676 1431 laudabilis
1698 1391 1839 1440 valde,

1032 1472 1071 1507 et
1092 1469 1389 1518 magnitudini
1415 1469 1511 1518 ejus
1534 1481 1622 1509 non
1643 1468 1739 1521 [est]
1763 1471 2010 1521 exploratio

978 1563 1206 1602 ueneratio
1227 1563 1501 1613 generationi
1523 1564 1721 1603 laudabit
1743 1577 1872 1615 opera
1894 1569 1965 1605 tua

1031 1645 1071 1679 et
1093 1640 1287 1679 iaoinora
1313 1645 1381 1680 tua
1407 1641 1676 1681 nuntiabunt
1698 1656 1706 1687 3

977 1733 1346 1784 Magnificentiam
1372 1735 1537 1786 gloriae
1562 1737 1801 1787 majestatis
1824 1742 1922 1776 tuae

1031 1816 1069 1850 et
1092 1817 1211 1862 gesta
1235 1812 1508 1851 mirabilium
1534 1818 1707 1853 tuorum
1734 1815 1922 1854 narrabo
1942 1829 1951 1861 ;

978 1908 1026 1947 Et
1049 1909 1356 1948 fortitudinem
1382 1910 1649 1949 terribilium
1684 1915 1857 1949 tuorum
1883 1910 2031 1950 (licent

1032 1990 1073 2024 et
1096 1986 1426 2035 magnitudines
1449 1992 1544 2026 tuas
1566 1987 1796 2033 enarrabo,

978 2080 1232 2120 Memoriam
1254 2081 1554 2121 multitudinis
1571 2082 1780 2122 bonitatis
1797 2087 1895 2121 tuae
1907 2093 2029 2121 eruc-

1032 2163 1073 2197 et
1097 2157 1332 2197 bonitatem
1360 2164 1477 2198 tuam
1503 2159 1772 2198 exaltabunt.
1858 2145 2030 2198 [tabflflt

978 2254 1229 2295 Misericors
1251 2260 1291 2294 et
1317 2255 1548 2294 miserator
1571 2252 1667 2306 [est]
1688 2255 1867 2302 Jelmva,

1031 2332 1184 2371 tardus
1207 2332 1271 2371 ira
1293 2337 1334 2371 et
1358 2343 1543 2381 magnus
1567 2331 1886 2377 misericordia,

978 2427 1124 2466 Bonus
1148 2425 1243 2478 [est]
1265 2427 1430 2466 Jehova
1452 2426 1623 2467 cunctis
1900 2436 2026 2489 tejas,

1031 2509 1072 2543 et
1096 2504 1402 2543 miserationes
1433 2505 1527 2555 ejus
1558 2514 1691 2554 super
1721 2503 1870 2543 omnia
1897 2514 2027 2553 opera

979 2599 1315 2638 Confitebuntur
1334 2599 1428 2645 tibi,
1442 2599 1622 2645 Jehova‚
1641 2598 1789 2637 omnia
1806 2609 1934 2648 opera
1954 2601 2026 2636 tua

1031 2681 1072 2716 et
1091 2677 1243 2716 fideles
1264 2676 1328 2716 tui
1354 2676 1614 2715 benedicent
1636 2675 1732 2722 tibi,

978 2773 1170 2811 Gloriam
1195 2771 1319 2822 regni
1343 2772 1404 2811 tui
1429 2771 1575 2811 dicent

1030 2855 1069 2889 et
1093 2849 1334 2900 potentiam
1357 2853 1477 2887 tuam
1506 2849 1757 2898 loquentur,

977 2946 1037 2984 Ad
1063 2944 1437 2984 manifestandum
1473 2943 1576 2982 filiis
1610 2943 1702 2982 suis
1724 2942 1908 2981 virtutes
1929 2945 2026 2981 tuas

1030 3027 1067 3060 et
1099 3021 1283 3071 gloriam
1320 3020 1672 3071 magnificentiae
1703 3019 1826 3070 regni
1858 3018 1921 3057 tui
1948 3033 1956 3065 ;

980 3115 1179 3165 Regnum
1203 3120 1324 3154 tuum
1345 3113 1440 3165 [est]
1458 3126 1641 3165 regnum
1662 3113 1863 3153 omnium
1878 3123 2025 3152 saecu-

1864 3175 2024 3229 [lorum

1030 3250 1070 3283 et
1094 3245 1337 3284 dominatio
1359 3249 1431 3284 tua
1454 3244 1498 3283 in
1521 3244 1642 3284 omni
1672 3243 1954 3294 generatione
1984 3246 2027 3281 et

1700 3306 2016 3359 [generatione.
