2243 3568
292 292 325 326 5.
351 292 524 333 Domine,
559 293 659 327 Deus
680 292 808 328 virtu-

246 343 341 380 tum,
356 339 376 359 *
397 349 602 385 quousque
626 339 809 375 irasceris

245 397 363 432 super
375 386 591 422 orationem
605 387 707 422 servi
724 385 811 422 tui‘?

282 435 325 468 ’6.
348 433 506 469 Cibabis
540 444 612 469 nos
636 445 736 480 pane
757 435 808 470 la-

243 491 494 528 crymarum;
540 481 560 500 ἦ
598 485 635 516 et
674 485 807 526 potum

243 528 355 563 dabis
398 528 512 563 nobis
549 529 587 563 in
620 529 809 576 lacrymis

244 575 283 610 in
305 586 491 611 mensura
507 573 526 610 ἦ)

290 623 323 657 7.
350 623 521 658 Posuisti
543 634 614 659 nos
646 623 685 658 in
720 634 807 659 con-

244 670 519 706 tradictionem
559 671 702 706 vicinis
743 682 806 707 no-

242 717 339 753 stris
360 728 368 759 ;
388 717 408 737 *
430 720 466 753 et
500 718 651 753 inimici
680 719 807 754 nostri

243 765 592 801 subsannaverunt
614 776 699 802 nos.

288 812 321 847 8.
349 813 449 857 Deus
471 813 678 853 virtutum,
719 824 805 849 con-

242 863 349 895 verte
386 870 488 902 nos;
525 860 545 879 ἦέ
581 864 617 896 et
645 861 808 897 ostende

242 907 379 942 taciem
401 910 506 942 tuam
529 918 536 950 ;
557 911 595 943 et
615 908 714 944 salvi
733 909 805 944 eri-

241 964 345 989 mus.

288 1001 321 1036 9.
362 1001 522 1037 Vineam
558 1003 605 1038 de
640 1003 806 1049 AEgypto

242 1049 483 1084 transtulisti
502 1060 508 1091 ;
530 1049 550 1068 'f
585 1054 622 1085 et
653 1048 804 1096 ejecisti

239 1100 390 1141 gentes.
415 1100 452 1131 ct
478 1097 665 1142 plantasti
699 1108 799 1132 eam.

288 1144 343 1179 10.
383 1144 464 1178 Dux
506 1144 661 1180 itineris
694 1145 804 1180 fuisti

240 1191 279 1225 in
301 1194 514 1236 conspectu
531 1190 617 1237 ejus
636 1204 642 1235 ;
662 1192 681 1211 ’ό
698 1193 803 1238 plan*

241 1238 331 1274 tasti
356 1239 507 1274 radices
540 1237 639 1285 ejus,
664 1244 701 1275 et
736 1240 803 1274 im-

239 1286 361 1331 plevit
383 1289 545 1321 terram.

287 1333 345 1368 11⁴
374 1333 706 1378 Operuitmontes
722 1345 801 1369 um-

238 1380 307 1415 bra
350 1378 465 1425 ejus;
507 1381 527 1400 ³¹*
566 1385 603 1417 et
641 1382 805 1418 arbusta

238 1425 324 1473 ejus
345 1428 482 1463 cedros
510 1429 588 1464 Dei.

286 1475 342 1509 12.
380 1476 567 1512 Extendit
620 1477 804 1522 palmites

238 1532 330 1557 suos
358 1533 484 1568 usque
517 1524 566 1559 ad
595 1535 726 1567 mare;
767 1528 805 1560 et

238 1580 363 1615 usque
397 1570 450 1622 ad
488 1570 634 1607 flumen
669 1583 802 1617 propa-

236 1627 349 1662 gines
371 1628 470 1663 ejus.

285 1664 341 1699 13.
384 1665 430 1700 Ut
452 1665 544 1710 quid
567 1666 803 1702 destruxisti

238 1712 443 1747 maceriam
467 1710 579 1758 ejus;
602 1713 622 1732 ⁴*
662 1718 697 1749 et
722 1714 802 1749 vin-

237 1759 411 1794 demiant
446 1770 529 1795 eam
564 1771 700 1796 omnes
737 1762 803 1807 qui

239 1807 620 1852 praetergrediantur
661 1809 763 1844 viam
786 1808 806 1844 ²?

287 1854 347 1888 14.
388 1855 674 1891 Exterminavit
721 1867 803 1891 cam

237 1911 329 1946 aper
353 1901 400 1936 de
428 1902 540 1940 silva,
564 1902 583 1921 *
608 1906 646 1938 et
669 1903 802 1949 singu-

239 1948 334 1983 laris
372 1948 478 1984 ferus
518 1949 707 1995 depastus
744 1954 804 1987 est

237 2006 335 2030 eam.

286 2043 343 2077 15.
372 2043 471 2078 Deus
491 2044 699 2083 virtutum.
716 2055 802 2080 con-

240 2093 411 2133 vertere;
428 2090 448 2109 ³⁶
466 2091 615 2135 respice
629 2092 675 2127 de
691 2092 801 2133 c(elo‚

239 2140 275 2172 et
306 2137 406 2179 vide,
445 2141 482 2173 et
504 2138 620 2174 visita
643 2150 803 2174 veneam

240 2184 370 2220 istam.

287 2232 347 2267 16.
374 2232 573 2277 Εἰρθῑῐὶοθ
585 2243 668 2268 eam
686 2244 802 2278 quam

239 2279 431 2324 plantavit
466 2280 626 2315 dextera
665 2285 756 2324 tua;
784 2282 803 2301 ³⁸³

239 2330 275 2361 et
308 2336 425 2372 super
472 2327 596 2362 tilium
631 2328 803 2365 hominis

238 2384 352 2418 quem
378 2374 621 2410 confirmasti
645 2376 729 2411 tibi.

287 2421 342 2455 17.
362 2422 525 2457 Incensa
547 2422 643 2467 igni,
665 2426 702 2458 et
724 2424 801 2461 suf-

240 2467 342 2503 fossa
374 2468 394 2487 ³⁶·
441 2469 489 2504 ab
535 2469 803 2515 increpatione

239 2516 373 2551 vultus
395 2516 449 2551 tui
469 2517 668 2561 peribunt.

288 2562 343 2597 18.
368 2563 451 2598 Fiat
474 2574 614 2599 manus
639 2567 703 2600 tua
740 2576 800 2600 su-

240 2620 306 2654 per
328 2610 456 2645 virum
472 2611 643 2647 doxterae
659 2615 735 2647 tuae
757 2624 764 2655 ;
783 2613 803 2632 *

239 2660 277 2691 et
312 2667 430 2702 super
467 2658 591 2693 tilium
632 2659 803 2696 hominis

239 2714 353 2748 quem
378 2705 621 2741 confirmasti
645 2707 729 2742 tibi.

287 2750 342 2786 19.
368 2752 412 2786 Et
428 2763 504 2787 non
527 2753 802 2790 discedimusa

242 2800 290 2834 te.
328 2798 547 2834 vivificabis
585 2811 669 2839 nos,
705 2802 724 2820 ³¹*
765 2805 802 2837 et

240 2855 380 2880 nomen
438 2850 545 2881 tuum
603 2847 802 2884 invocabi-

240 2902 340 2926 mus.

286 2939 343 2974 20.
367 2940 539 2981 llomine,
560 2942 658 2977 Deus
681 2943 801 2978 virtu-

241 2988 337 3023 tum,
368 2986 387 3005 ³³*
422 2992 606 3023 converte
642 3000 725 3031 nos,
766 2993 803 3025 et

240 3033 402 3068 ostende
442 3034 578 3069 faciem
615 3039 733 3073 tuam.
766 3040 803 3072 et

239 3080 337 3114 salvi
359 3081 519 3116 erimus.

1015 168 1252 210 —224—

1438 296 1475 335 II

884 382 915 422 Ο
935 383 1099 423 Jehova
1122 383 1294 423 Elohim
1319 385 1524 433 Sabaoth,
1900 386 1979 439 [tui
1996 388 2018 427 ?

940 459 1171 499 usquequo
1204 448 1396 488 fumabis
1424 454 1574 490 contra
1596 451 1840 491 orationem
1865 452 2018 503 populi

884 525 1010 565 Cibas
1026 536 1099 564 eos
1123 537 1233 575 pane
1256 526 1549 577 lacrymarum
1874 528 1931 567 tia
1953 528 2016 578 (¹):

937 594 976 629 et
1004 590 1110 629 facis
1139 589 1289 629 bibere
1322 602 1394 630 eos
1424 591 1642 643 lacrymas
1669 590 1907 644 [mensura]
1937 597 2020 632 ter-

884 667 1070 707 Posuisti
1094 678 1174 706 nos
1196 667 1242 706 in
1270 667 1598 707 contentionem
1623 668 1779 708 vicinis
1800 669 1964 708 nostris

936 737 976 772 et
999 732 1172 772 inimici
1194 732 1334 772 nostri
1360 732 1550 772 irrident
1566 733 1695 773 nobis
1715 732 1721 771 l

884 841 912 876 ()
930 835 1092 877 Elohim
1109 836 1287 877 Sabaoth
1309 843 1502 877 restaura
1524 851 1598 878 nos

935 910 971 941 et
990 901 1183 942 illumina
1206 901 1352 955 sociem
1368 909 1486 943 tuam
1503 910 1541 943 ec
1561 901 1820 944 salvabimur
1837 906 1849 943 ,Ι

1424 1028 1473 1066 ΙΙΙ

882 1117 1062 1156 Vineam
1088 1117 1140 1155 de
1162 1118 1357 1168 Aegypto
1376 1117 1668 1157 transtuleras

933 1186 972 1220 et
996 1182 1185 1232 eJeceras
1207 1187 1358 1232 gentes
1382 1187 1422 1222 et
1444 1183 1720 1233 plantaveras
1743 1194 1855 1230 eam,

882 1258 1117 1297 Paraveras
1142 1257 1320 1309 [locum]
1347 1250 1446 1298 ante
1470 1270 1581 1306 eam,

933 1323 1147 1373 plantavit
1166 1324 1338 1364 radices
1363 1336 1464 1364 suas
1487 1329 1527 1364 et
1547 1324 1750 1376 implevit
1771 1329 1960 1364 terram:

880 1400 1027 1451 Operti
1051 1405 1153 1440 sunt
1177 1406 1347 1440 montes
1372 1401 1526 1440 umbra
1551 1401 1644 1452 ejus

933 1470 974 1505 et
995 1466 1130 1505 ramis
1152 1467 1246 1517 ejus
1271 1466 1390 1506 cedri
1415 1466 1488 1506 Dei
1514 1465 1582 1517 [ou
1605 1465 1881 1518 altissimae]‚

880 1542 1087 1583 Extendit
1104 1544 1330 1594 psalmites
1353 1556 1456 1583 suos
1477 1556 1616 1595 usque
1638 1545 1691 1583 ad
1710 1555 1831 1584 mare

933 1614 973 1648 et
996 1620 1136 1659 usque
1165 1610 1216 1647 ad
1245 1609 1429 1649 Flumen
1451 1609 1653 1649 surculos
1675 1620 1791 1648 suos.

880 1685 1042 1736 thuid
1067 1687 1294 1737 diripuisti
1325 1687 1560 1727 maceriem
1584 1687 1694 1737 ejus,

933 1756 973 1791 et
996 1753 1222 1792 denudant
1253 1764 1347 1792 eam
1382 1764 1535 1792 omnes
1558 1757 1838 1792 transeuntes
1869 1750 2018 1791 viam?

880 1828 1079 1867 Corrodit
1101 1840 1194 1868 eam
1215 1840 1320 1880 aper
1343 1830 1395 1869 de
1418 1830 1538 1881 sylva

932 1897 973 1932 et
994 1893 1132 1933 bestia
1156 1894 1248 1944 agri
1271 1894 1524 1945 depascitur
1547 1906 1641 1934 earn
1661 1893 1668 1933 !

880 2001 909 2036 Ο
933 1995 1090 2037 Elohim
1113 1997 1308 2047 Sabaoth,
1335 1999 1545 2049 [restam-a
1562 2011 1635 2038 nos

931 2068 966 2101 et
986 2061 1178 2103 illumina
1193 2062 1340 2115 faciem
1356 2071 1473 2104 tuam
1487 2071 1523 2103 et
1538 2063 1795 2103 salvabimur
1810 2063 1839 2115 J]

1424 2189 1477 2228 IV
1502 2203 1515 2213 ·

878 2276 1140 2316 Convertere
1162 2289 1279 2327 ergo,
1304 2277 1473 2328 respice
1496 2279 1547 2316 de
1567 2278 1685 2317 caelo

931 2346 970 2380 et
996 2341 1110 2390 vide,
1136 2347 1175 2381 et
1198 2342 1325 2381 visita
1348 2342 1519 2381 vineam
1543 2342 1669 2382 istam

878 2418 927 2457 Et
948 2419 1178 2457 surculum
1201 2419 1246 2467 (²)
1270 2430 1403 2469 quem
1431 2419 1645 2469 plantavit
1666 2419 1818 2458 dextra
1842 2424 1913 2458 tua

931 2489 971 2522 et
993 2496 1127 2533 super
1146 2484 1373 2535 palmitem
1399 2482 1563 2535 [queml
1589 2483 1757 2534 elegisti
1782 2483 1885 2523 tibi:

878 2561 1058 2599 Incensa
1081 2572 1157 2610 per
1178 2560 1327 2610 ignem
1352 2565 1392 2599 et
1417 2560 1561 2599 excisa
1587 2559 1707 2611 [estll

930 2625 983 2664 ab
1005 2625 1305 2676 increpatione
1329 2625 1455 2665 faciei
1478 2630 1575 2665 tuae
1598 2630 1783 2676 pereunt
1804 2624 1812 2664 !

879 2701 943 2741 Sit
966 2713 1124 2741 manus
1148 2707 1219 2741 tua
1241 2713 1374 2752 super
1394 2702 1541 2741 virum
1565 2703 1744 2742 dextrae
1766 2707 1865 2742 tuae
1885 2700 1932 2751 (³)

930 2771 972 2806 et
991 2778 1125 2817 super
1153 2766 1293 2806 tilium
1318 2767 1514 2806 hominis
1537 2766 1702 2818 [quem]
1720 2766 1891 2818 elegisti
1910 2765 2006 2814 tibi,

911 2873 970 2882 ...
1001 2848 1041 2882 et
1062 2855 1150 2883 non
1172 2844 1451 2884 discedemus
1473 2856 1495 2883 a
1515 2849 1569 2887 te,
1862 2842 2004 2894 [must

932 2908 1103 2948 vivifica
1125 2920 1204 2948 nos
1235 2913 1276 2948 et
1312 2919 1388 2959 per
1426 2920 1589 2948 nomen
1629 2914 1754 2948 tuum
1788 2907 2005 2947 invocabi-

879 3016 908 3053 Ο
921 3012 1070 3053 Ιθὴουα
1094 3012 1254 3054 Elohim
1274 3012 1466 3062 sabaoth,
1487 3021 1681 3054 restaura
1697 3026 1785 3063 nos,

936 3078 1001 3129 [el]
1027 3077 1217 3119 illumina
1237 3080 1383 3131 lactem
1406 3088 1523 3119 tuam
1543 3077 1876 3119 etsalvabimur!

300 3196 345 3233 (1)
372 3196 415 3226 Le
434 3198 519 3227 tiers
537 3198 579 3228 de
598 3198 722 3237 l’epha,
742 3200 914 3231 boisseau.

301 3237 345 3275 (2)
371 3236 531 3269 ΚιιιιηαΙι
558 3242 641 3277 peut
662 3241 737 3270 etro
754 3242 826 3279 pris
849 3251 988 3272 comme
1009 3243 1214 3281 substantii,
1234 3243 1385 3282 rejeco‘n,
1407 3252 1450 3274 ou
1468 3253 1607 3274 comme
1625 3245 1744 3282 verbe,
1763 3242 1947 3283 imperatis
1960 3242 2003 3272 de

241 3275 379 3318 krman,
405 3278 589 3317 aflermir:
608 3280 642 3311 S.
656 3281 799 3311 Jerome
814 3283 950 3314 traduit
970 3292 1108 3314 comme
1128 3293 1230 3323 nous,
1247 3287 1278 3315 eL
1304 3284 1463 3316 radicem
1487 3292 1601 3324 quam
1612 3283 1811 3324 plantavit.
