2243 3568
269 310 290 345 6
327 310 427 344 Dixit
459 309 560 343 enim
599 308 639 343 in
670 307 786 343 corde

224 367 295 393 suo
313 367 320 391 τ
341 358 360 377 *
379 357 459 391 Non
480 356 660 390 movebor
679 365 700 389 a
719 364 786 399 ge-

223 403 425 440 neratione
441 404 479 437 in
493 401 784 446 generationem

224 453 310 487 sine
328 451 441 485 malo.

269 504 301 538 7.
343 502 462 548 Cujus
514 501 787 537 maledictione

222 562 264 587 os
283 551 438 596 plenum
457 549 784 590 est‚eta1nar,itu—

222 599 325 640 dine,
345 601 382 632 et
402 598 510 639 dolo;
533 596 547 610 ξ
562 596 786 641 sublingua

223 645 307 691 ejus
330 645 438 680 labor
459 648 496 679 et
513 644 638 680 dolor.

268 700 303 734 8.
321 699 435 734 Sedet
458 698 495 732 in
521 697 678 732 insidiis
698 706 785 730 cum

223 746 416 782 divitibus
440 746 476 779 in
499 744 679 783 occultis,
703 743 722 763 ³*
746 747 788 779 ut

224 793 435 829 interficiat
460 793 719 827 innocentem.

270 846 303 882 9.
328 845 436 882 Oculi
465 843 551 890 ejus
585 845 624 879 in
648 854 786 888 paupe-

225 905 305 929 rem
329 893 569 938 respiciunt‘.
592 892 612 911 *
628 891 789 928 insidia-

226 946 290 978 tur
318 941 357 976 in
390 940 634 981 abscondito,
674 939 787 983 quasi

225 990 283 1025 leo
307 989 346 1024 in
368 988 553 1033 spelunca
579 996 664 1022 sua.
687 986 787 1022 Insi-

225 1037 357 1072 diatur
391 1038 434 1070 ut
476 1034 603 1079 rapiat
643 1044 787 1078 paupe-

226 1094 306 1119 rem
327 1083 373 1125 ς’
409 1092 545 1126 rapere
579 1091 787 1126 pauperem

224 1132 316 1167 dum
339 1129 503 1166 attrabit
521 1139 622 1163 eum.

273 1184 329 1219 10.
363 1185 404 1218 In
432 1184 569 1229 laqueo
608 1192 679 1217 suo
716 1182 788 1216 hu-

226 1231 395 1267 miliabit
416 1242 518 1269 eum,
541 1230 556 1243 ⁹*
584 1228 790 1265 inclinabit

226 1289 281 1319 se,
300 1282 337 1314 et
360 1278 471 1314 cadet
492 1287 578 1312 cum
612 1277 789 1312 domina-

228 1330 291 1362 tus
311 1324 427 1361 fuerit
449 1334 677 1370 pauperum.

273 1380 329 1414 11.
355 1380 461 1415 Dixit
482 1380 584 1415 enim
609 1378 649 1413 in
675 1377 790 1413 corde

226 1437 322 1463 Suo:
356 1427 503 1462 oblitus
536 1429 595 1462 est
632 1426 746 1468 Deus,
769 1423 790 1444 *

226 1474 367 1511 avertit
410 1474 547 1510 faciem
594 1483 704 1509 suam
743 1483 790 1508 ne

226 1523 357 1559 videat
383 1522 420 1557 in
446 1522 577 1556 tinem.

274 1576 330 1611 12.
373 1573 566 1619 Exsurge,

230 1624 343 1666 Deus,
395 1622 590 1658 exaltetur
649 1631 788 1656 manus

231 1674 320 1713 tua;
360 1669 374 1684 ⁹*
436 1680 484 1705 ne
539 1668 788 1704 obliviscaris

228 1728 439 1762 pauperum
459 1727 465 1751 :

274 1771 329 1805 13.
358 1772 515 1814 Propter
536 1770 629 1814 quid
654 1769 788 1804 irrita-

227 1820 281 1853 Λίῐ
304 1818 449 1862 impius
476 1818 593 1852 Deum
617 1815 635 1851 ἱ)
657 1817 671 1832 *
688 1816 790 1851 dixit

227 1866 328 1900 enim
364 1866 403 1899 in
425 1865 541 1899 corde
579 1875 677 1899 suo:
708 1864 788 1898 Non

229 1912 417 1957 requiret.

279 1965 330 2000 14.
356 1965 485 2004 Vides,
522 1964 705 2008 quoniam
748 1966 788 1998 tu

630 1573 790 1609 Domine

229 2013 399 2047 laborem
416 2015 451 2046 et
470 2011 643 2046 dolorem
663 2010 787 2045 consi·
831 2033 837 2037 -

227 2051 405 2101 deras,'*
436 2061 478 2094 ut
505 2059 637 2093 tradas
660 2068 724 2092 eos
749 2057 788 2092 in

229 2116 367 2142 manus
390 2109 490 2141 tuas.
519 2105 602 2140 Tibi
626 2104 789 2140 derelic-

229 2157 291 2190 tus
312 2157 371 2189 est
387 2162 555 2198 pauper;
576 2152 595 2172 *
616 2153 790 2197 orphano

230 2205 268 2236 tu
291 2201 368 2236 eris
389 2200 561 2244 adjutor.

280 2254 330 2289 15.
373 2254 535 2289 Contere
586 2253 788 2287 brachium

229 2302 442 2346 peccatoris
478 2304 516 2335 et
553 2299 737 2344 maligni;
769 2298 790 2319 *

228 2352 427 2392 qua-retur
445 2351 643 2392 peccatum
666 2347 788 2389 illius,

228 2400 265 2431 et
287 2406 362 2431 non
386 2395 622 2430 invenietur.

280 2448 331 2483 lss.
382 2449 566 2484 Dominus
610 2448 790 2493 regnabit

230 2496 268 2530 in
290 2499 496 2537 zeternutn,
525 2499 562 2531 et
600 2496 637 2530 in
666 2505 790 2530 sircu-

231 2543 308 2577 lum
373 2543 506 2578 saeculi
530 2553 538 2583 ς
598 2542 790 2586 peribitis,

230 2593 380 2634 gentes,
399 2591 446 2625 de
466 2594 568 2625 terra
592 2590 713 2625 illius.

280 2643 333 2677 17.
368 2642 611 2678 Desideriuin
654 2653 790 2687 paupe-

232 2700 317 2724 rum
336 2690 536 2724 exaudivit
561 2689 793 2730 Dontinus;*

230 2736 553 2781 pra-parationem
575 2737 703 2772 cordis
729 2747 793 2772 eo-

232 2794 316 2818 rum
339 2784 491 2819 audivit
512 2784 619 2818 auris
643 2787 720 2818 tua.

284 2836 335 2871 18.
357 2836 542 2871 Judicare
576 2836 723 2881 pupillo
757 2839 794 2871 et

234 2883 385 2921 humili.
408 2883 428 2902 '³‘
450 2886 491 2918 ut
529 2893 604 2918 non
627 2886 795 2928 apponat

234 2931 336 2965 ultra
359 2930 608 2974 magnificare
625 2941 666 2965 se
685 2931 796 2965 bomo

233 2987 349 3022 super
373 2981 529 3012 terram.

1006 182 1209 222 ,26-

862 308 865 351 1
886 315 906 344 v
921 305 929 351 l
943 306 1052 345 Dicit
1068 306 1111 344 in
1131 306 1249 345 corde
1266 318 1338 345 suo
1360 322 1367 346 ε
1394 320 1411 343 «
1435 318 1518 346 ηοη
1535 305 1722 355 movebor

996 383 1015 409 ›)
1047 372 1091 409 in
1110 371 1421 422 [fenerationem
1441 376 1477 410 et
1496 373 1805 422 qenerationem

996 449 1015 474 »
1047 438 1117 489 qui
1137 447 1221 475 non
1247 437 1289 474 in
1309 434 1414 474 malo
1437 435 1543 488 [ero]
1561 438 1574 476 l
1597 448 1616 475 ›)

861 539 1222 589 [ΞΜΙαίθάίοῐέοπε
1243 553 1285 581 os
1307 542 1392 592 ejus
1415 541 1595 593 repletur

994 613 1032 646 ec
1053 604 1156 645 dolis
1174 611 1211 645 et
1231 603 1393 658 fraude,

993 669 1067 710 sub
1083 669 1230 721 linqua
1254 672 1340 722 ejus
1355 683 1485 722 poena
1506 679 1543 712 ec
1565 672 1786 727 iniquitas.

862 776 1088 826 [fisedens
1113 777 1200 828 [est]
1220 778 1263 817 in
1288 779 1452 818 insidiis
1473 790 1687 831 paqorum‚

999 844 1043 882 in
1059 841 1232 882 occultis
1253 841 1418 894 jayulaz
1442 845 1677 891 innooeium,

994 906 1103 947 oculi
1126 907 1212 958 ejus
1235 909 1490 948 immiseram
1510 909 1754 961 respiciunt.

941 1012 1180 1054 Insidiatur
1198 1017 1243 1054 in
1269 1012 1442 1064 occulto,
1475 1020 1518 1054 ιιι
1545 1013 1602 1055 leo
1625 1017 1669 1056 in
1689 1015 1884 1068 spelunca
1901 1027 1992 1066 sua,

995 1080 1227 1120 insidiatur
1248 1079 1299 1119 ad
1320 1081 1566 1132 rapiendum
1586 1082 1797 1130 miseram,

993 1146 1106 1197 rapit
1117 1148 1311 1185 miserum
1322 1147 1365 1185 in
1380 1143 1581 1186 trahendo
1596 1159 1684 1187 eum
1699 1149 1744 1187 in
1758 1152 1842 1187 rete
1856 1159 1993 1188 suzim.

945 1252 1218 1299 Humiliatur‚
1240 1250 1486 1301 inclinatum

996 1325 1033 1357 et
1048 1318 1157 1357 eadit
1178 1316 1224 1368 (¹)
1244 1315 1320 1356 sub
1340 1315 1518 1370 sortibus
1539 1320 1624 1370 ejus

997 1385 1150 1424 miseri.

944 1492 1051 1531 Dicit
1072 1492 1115 1531 iii
1129 1492 1246 1532 corde
1259 1504 1332 1532 suo
1356 1508 1364 1533 ε
1391 1505 1410 1530 «
1434 1491 1585 1532 obiitus
1608 1499 1665 1533 est
1679 1491 1791 1541 deus,

999 1570 1018 1596 »
1050 1556 1262 1597 abscondit
1281 1557 1426 1609 {aciem
1448 1569 1581 1606 suam,

998 1636 1016 1661 ))
1048 1634 1132 1662 non
1148 1624 1311 1671 respicit
1333 1624 1376 1662 ίη
1397 1628 1611 1663 aeternum
1626 1626 1639 1663 !
1656 1636 1675 1662 »

864 1740 884 1778 s>
945 1731 1100 1781 Surge,
1125 1742 1148 1769 o
1169 1732 1360 1779 Jehova3
1385 1732 1506 1778 deus,
1524 1732 1617 1770 leva
1640 1743 1819 1770 manum
1845 1730 1992 1771 tuaml

996 1807 1050 1834 ne
1072 1796 1349 1835 obliviscaris
1376 1796 1560 1835 miseros

943 1860 1107 1910 thuid
1128 1860 1297 1910 spernit
1317 1861 1484 1911 impius
1506 1862 1638 1900 deum
1654 1861 1675 1900 ἱ)

998 1924 1082 1976 [et]
1108 1926 1215 1965 dicit
1235 1926 1280 1964 in
1300 1927 1431 1965 corde
1453 1938 1532 1965 suo
1552 1939 1558 1964 ;
1576 1939 1595 1963 «
1614 1938 1700 1965 non
1724 1926 1923 1966 vindicas
1938 1926 1988 1965 5²»

864 2047 884 2074 π
946 2031 1058 2082 [Sed]
1077 2032 1212 2079 vides,
1229 2032 1330 2082 quia
1351 2044 1532 2082 paenam
1552 2037 1590 2071 et
1612 2033 1719 2071 iram
1738 2032 1992 2073 consideras

996 2098 1048 2137 ad
1072 2098 1267 2137 dandum
1292 2097 1336 2136 in
1357 2109 1533 2136 manum
1553 2102 1672 2136 tuam
1690 2097 1759 2147 (²);

946 2163 1086 2212 Super
1107 2167 1144 2201 te
1168 2162 1436 2212 relinquitur
1458 2162 1618 2201 miser:

997 2227 1198 2278 orphani,
1221 2232 1267 2266 tu
1291 2238 1335 2266 es
1362 2226 1565 2278 aleutor!

862 2344 894 2375 ti·
946 2331 1676 2384 Conte1·e[ergo]brachiumimpii,
1710 2331 1992 2385 [inveniatur,

997 2404 1037 2438 et
1060 2398 1242 2449 maligni
1268 2398 1510 2437 vindicabis
1534 2403 1759 2449 peccatum
1777 2399 1887 2449 ejus,
1906 2410 1994 2438 non

942 2465 1123 2510 Jehova‚
1150 2475 1226 2503 rex
1246 2461 1399 2514 [estin]
1416 2468 1644 2502 aeternum
1663 2468 1702 2503 et
1723 2474 1912 2514 semper,

1007 2533 1193 2580 pereunt
1213 2533 1364 2579 gentes
1387 2529 1439 2568 de
1458 2533 1571 2568 terra
1594 2526 1714 2579 ejusl

868 2647 894 2677 Π
949 2635 1224 2675 Desiderium
1252 2634 1514 2674 miserorum
1537 2634 1680 2682 audis,
1704 2634 1928 2681 oJehova;

999 2700 1234 2740 confirmas
1281 2710 1356 2739 eor
1401 2710 1568 2746 eorum,
1628 2703 1838 2739 attentam
1889 2699 1996 2739 lacis

1674 2763 1837 2812 [aurem
1857 2769 1994 2813 tuam,

948 2832 1009 2870 Ad
1033 2831 1319 2881 judicandum
1342 2830 1508 2881 pupillo
1531 2834 1571 2869 et.
1595 2829 1769 2877 misero,

1002 2908 1055 2935 ne
1088 2897 1219 2935 addat
1253 2907 1408 2935 rursus
1438 2896 1488 2934 ad
1516 2895 1832 2934 conterendum
1858 2894 1995 2934 homi-

1585 2959 1698 3008 [nem
1722 2960 1775 2999 de
1794 2964 1905 2999 terra
1923 2957 1995 3009 (Ἣ

299 3094 340 3126 ‹1›
363 3092 411 3124 (tu
433 3092 577 3130 misses,-
601 3091 698 3122 cadit
717 3100 804 3130 pour
825 3093 972 3124 cadum.

298 3134 339 3169 (⁰21
365 3134 412 3164 On
441 3133 489 3163 les
513 3134 639 3163 meilre
656 3132 747 3163 dans
766 3135 801 3163 {a
825 3133 940 3173 main,
962 3143 1051 3173 pour
1068 3143 1111 3165 ne
1133 3135 1230 3173 point
1248 3134 1299 3165 les
1316 3134 1465 3166 oublier.

296 3176 340 3214 (3)
366 3175 535 3205 Ηῐιώὶηόιι
556 3175 675 3206 adim-t
695 3175 789 3204 deux
813 3175 1067 3214 explicatioris:
1093 3172 1202 3205 homo
1227 3174 1267 3205 (Ie
1289 3177 1402 3213 tetra,
1429 3173 1515 3206 eno&
1542 3174 1619 3205 min
1642 3173 1800 3209 ha-ares.
1823 3177 1906 3215 peut
1923 3176 2000 3206 etre

235 3217 321 3247 dans
335 3219 427 3247 cette
454 3216 582 3256 phrase
598 3217 666 3246 soit
686 3216 717 3246 le
736 3217 839 3254 sujet.
858 3217 925 3246 soit
951 3216 981 3245 le
1002 3217 1136 3253 reginis?
1178 3216 1220 3246 [a
1239 3215 1480 3248 &reone-tanne
1506 3225 1595 3256 pour
1623 3216 1773 3255 laquelle
1795 3225 1832 3247 ce
1853 3224 2001 3256 psaume

235 3259 329 3289 avait
347 3259 402 3289 ete
434 3258 597 3296 compose
621 3257 795 3295 indiquait
821 3257 1081 3288 suffisamment
1110 3258 1191 3296 quel
1226 3266 1306 3288 sens
1335 3258 1358 3288 il
1393 3257 1501 3288 fallait
1538 3258 1672 3288 donner
1701 3259 1719 3287 a
1746 3259 1840 3288 cette
1871 3256 2001 3297 phrase

237 3299 340 3330 tinale
357 3308 363 3329 z
387 3299 737 3330 mattieureusemont
753 3306 790 3328 ce
811 3298 870 3336 qui
885 3298 1050 3329 devenait
1067 3298 1154 3328 clair
1171 3307 1260 3337 pour
1278 3299 1328 3329 les
1345 3298 1511 3329 Hebreux
1533 3307 1575 3329 ne
1597 3298 1673 3329 l'est
1690 3298 1770 3338 plus
1787 3306 1876 3338 pour
1897 3306 1998 3330 nous.
