2243 3568
311 335 343 368 7.
381 334 521 368 Anima
555 333 689 368 nostra
722 331 826 366 sicut

265 391 399 426 passer
432 383 563 425 erepta
611 380 670 414 est
709 377 730 396 ἕ
779 377 826 412 de

266 429 402 472 laqueo
459 427 719 463 venantium:
762 425 824 459 La-

264 485 387 520 queus
418 474 615 509 contritus
635 474 707 510 est,
731 472 751 490 ³·
790 474 827 507 et

265 532 335 556 nos
358 521 513 556 liberati
533 530 684 556 sumus.

310 569 343 603 8.
366 566 617 613 Adjutorium
649 568 827 601 nostrum

267 616 304 651 in
328 616 486 651 nomine
510 615 675 650 Domini.
706 614 725 633 *
763 613 829 657 qui

266 664 356 699 fecit
376 663 516 698 coelum
540 666 576 697 et
600 665 758 697 terram.

1024 207 1259 248 —362—

899 330 995 370 Vita
1018 335 1166 370 nostra
1183 331 1297 371 sicut
1318 342 1469 382 passer
1485 330 1668 370 liberata
1689 331 1774 372 fuit
1791 333 1844 372 de
1876 333 2034 384 laqueo

1661 394 2032 448 [illaqueantium‚

955 461 1171 511 laquaeus
1188 460 1402 500 contritus
1418 465 1482 500 est
1497 465 1538 500 et
1552 472 1632 500 nos
1653 460 1826 500 liberali
1849 473 2031 501 sumus:

904 544 1186 596 Adiutorium
1216 546 1417 582 nostrum
1442 540 1536 591 [est]
1559 542 1603 582 in
1637 543 1816 583 nomine
1843 544 2033 584 Jehovae

962 609 1165 650 facientis
1185 608 1327 648 caelos
1349 613 1390 648 et
1412 606 1599 647 terram!

1600 749 1830 793 PSAUME
1862 723 2034 793 chv.

348 878 566 931 Confiance
586 889 634 918 en
657 873 833 925 Yahveh,
850 876 924 929 qui
949 886 998 915 ne
1014 874 1100 914 doit
1120 884 1193 925 pas
1216 871 1361 912 laisser
1385 883 1445 912 ses
1459 873 1686 912 serviteurs
1708 884 1764 912 au
1782 872 1956 924 pouvoir
1972 871 2038 912 des

267 943 500 993 me'chants;
531 948 664 996 quant
693 954 778 981 aux
807 939 1007 980 hesitants
1023 943 1062 979 et
1084 950 1170 978 aux
1190 936 1369 977 hommes
1394 935 1515 976 d'une
1543 935 1602 990 soi
1629 935 1907 981 chancelante.
1933 934 2040 977 illes

320 1051 501 1091 CXXIV.
528 1071 576 1077 —
626 1049 663 1087 1.
693 1049 835 1088 CAN‘ri-

266 1116 353 1144 CUM
381 1114 600 1143 GRADUUM.

316 1228 387 1271 Qui
408 1227 614 1262 confidunt
637 1226 675 1260 in
711 1225 831 1260 Domi

269 1292 331 1318 no,
374 1281 477 1316 sicut
518 1290 628 1314 mons
668 1278 832 1320 Sion;·³³”²

268 1345 344 1369 non
418 1332 726 1369 commovebitur
794 1332 829 1365 in

267 1391 475 1423 aternum,
500 1386 566 1431 qui
595 1385 746 1421 habitat

315 1441 348 1475 2.
374 1441 415 1474 In
433 1439 832 1475 Jerusaleizi.lx101ites
869 1455 873 1458 ·

270 1494 308 1528 in
332 1493 497 1528 circuita
519 1491 604 1538 ejus
638 1492 682 1533 Ἓξ
705 1494 741 1526 et
766 1492 830 1525 Do-

270 1547 402 1581 minus
436 1546 475 1580 in
504 1545 673 1581 circuitu
700 1544 830 1589 populi

268 1600 343 1639 sui,
361 1611 407 1634 ex
429 1599 499 1634 hoc
521 1609 625 1633 nunc
652 1601 689 1633 et
708 1608 832 1642 usque

270 1654 308 1687 in
326 1653 529 1687 szcculum.

315 1707 349 1741 3.
389 1706 483 1749 Quia
524 1716 600 1740 non
636 1704 832 1749 relinquet

272 1759 457 1794 Dominus
479 1758 629 1803 virgam
661 1759 830 1803 pcccato-

271 1822 357 1846 rum
392 1822 509 1856 super
543 1814 688 1845 sortem
710 1808 831 1855 justo

271 1875 380 1901 rum:
444 1868 486 1900 ut
512 1874 588 1898 non
618 1863 833 1898 extendant

268 1917 365 1963 justi
387 1919 435 1953 ad
472 1917 719 1962 iniquitatem
752 1927 832 1951 ma-

271 1982 345 2006 nus
366 1981 471 2006 suas.

318 2025 350 2059 4.
377 2024 552 2061 Bencl'ac,
576 2023 748 2064 Domine,
766 2022 834 2057 bo-

272 2077 347 2116 nis.
367 2078 385 2094 '⁵
406 2080 443 2112 et
466 2076 584 2111 rectis
599 2076 727 2111 corde.

318 2131 351 2164 35.
376 2130 622 2165 Declinantes
641 2131 771 2163 autem
796 2128 833 2161 in

271 2184 547 2229 obligationes,
579 2182 746 2218 adducet
769 2183 832 2216 Do

273 2237 405 2271 minus
451 2246 537 2271 cum
578 2235 835 2280 operantibus

273 2289 520 2334 iniquitatem
542 2299 549 2329 ;
582 2289 600 2307 :⁵³
623 2299 695 2333 pax
718 2298 835 2332 super

272 2343 404 2378 lsrael.

1193 1099 1409 1139 CANncuM
1445 1108 1747 1137 AsanSioNUM.

909 1225 1188 1265 confidentes
1220 1222 1267 1261 in
1293 1222 1456 1262 Jehova

961 1281 1123 1330 [erunt]
1147 1282 1262 1322 sicut
1283 1292 1410 1320 mons
1439 1280 1541 1320 Sion
1563 1295 1570 1319 :

907 1347 1020 1400 [Qui]
1042 1359 1131 1387 non
1147 1345 1512 1393 commovebitur,

960 1408 1006 1446 in
1026 1412 1256 1447 aeternum
1280 1404 1462 1444 sedebit.

905 1502 1167 1548 Jerusalem,
1192 1504 1364 1540 montes
1386 1500 1519 1550 [sunt]
1541 1490 1709 1538 circum
1732 1509 1843 1545 eam,

960 1561 1023 1601 sic
1039 1561 1204 1601 Jehova
1225 1559 1393 1599 circum
1417 1558 1591 1610 plebem
1615 1569 1755 1605 suam,

960 1698 1014 1725 ex
1031 1697 1151 1725 nunc
1174 1689 1215 1724 et
1236 1695 1376 1735 usque
1398 1683 1443 1722 in
1467 1682 1707 1722 saeculum.

907 1781 1007 1820 Ideo
1026 1792 1113 1819 non
1135 1779 1384 1830 requiescet
1399 1782 1623 1829 sceptrum
1647 1776 1898 1828 iniquitatis

961 1850 1094 1890 super
1121 1843 1283 1878 sortem
1309 1839 1544 1889 justorum,

908 1905 961 1943 Ut
982 1914 1068 1942 non
1094 1902 1450 1952 extendantjusti

961 1973 1116 2001 versus
1140 1962 1400 2012 pravitatem
1425 1972 1583 2000 manus
1605 1972 1720 1999 suas.

911 2056 1108 2103 Benefflc,
1133 2057 1311 2103 Jehova,
1338 2056 1463 2095 bonis

963 2120 1004 2155 et
1026 2115 1156 2155 rectis
1177 2115 1222 2154 in
1245 2115 1452 2154 cordibus
1474 2114 1588 2159 suis;

910 2181 1176 2221 Vacillantes
1198 2180 1280 2219 viis
1301 2179 1495 2230 obliquis
1511 2178 1619 2221 suis,
1864 2177 2013 2225 [tatem
2034 2175 2041 2215 !

965 2239 1094 2279 faciat
1115 2250 1187 2278 eos
1209 2238 1272 2278 ire
1288 2238 1450 2278 Jehova
1470 2249 1570 2276 cum
1595 2236 1859 2276 iacientibus
1883 2235 2046 2286 iniqui-

1260 2341 1346 2378 l‘aoe
1365 2348 1487 2388 super
1508 2334 1637 2376 Israel
1657 2339 1670 2376 l

1582 2485 1814 2529 PSAUME
1847 2483 2041 2528 CXXVI.

351 2614 490 2654 Ρνίὲνε
517 2615 542 2654 ὰ
569 2611 723 2653 Υαὴυθὴ
748 2625 854 2665 pour
882 2611 1043 2653 obtenzssr
1061 2609 1107 2650 de
1131 2611 1188 2650 lui
1209 2609 1242 2650 le
1271 2616 1417 2650 retour-
1437 2611 1501 2650 des
1523 2609 1647 2662 miss,
1672 2620 1814 2648 encore
1843 2606 2042 2660 disperses

271 2679 406 2728 parmi
423 2677 476 2718 les
494 2679 678 2727 ηαῑῐοηε,
694 2685 838 2718 retem·
851 2679 922 2731 qui
939 2688 1047 2717 aura
1068 2675 1147 2716 lieu
1168 2676 1381 2726 auoejours
1401 2675 1709 2728 messiamques,
1733 2680 1770 2714 et
1787 2672 1888 2713 dont
1909 2671 1948 2712 ία
1959 2671 2042 2725 joie

327 2784 488 2824 CXXV.
523 2807 572 2812 -
619 2785 653 2822 1.
691 2785 833 2825 ema-1-

274 2848 358 2876 CUM
373 2849 591 2877 GRADUUM.

324 2960 834 2994 111convertendo!›mninus

275 3006 541 3050 captivitatem
562 3007 653 3041 Sion
673 3018 680 3048 ;
702 3009 720 3025 ⁴*
745 3007 832 3042 iacti

276 3062 413 3087 sumus
433 3055 535 3087 sicut
556 3054 769 3095 0011s01au2

339 3145 382 3181 41)
404 3145 490 3175 lsaie
508 3143 566 3184 lx,
582 3145 636 3176 4-:5

278 3185 380 3216 Porte
400 3187 451 3216 tes
472 3187 618 3225 regards
632 3187 796 3218 alentour
815 3189 850 3219 et
867 3188 956 3226 vois,

317 3226 360 3256 ils
381 3227 626 3258 s’assemblent
647 3229 737 3265 tom,
760 3229 802 3259 ils
824 3230 992 3260 vienncnt
1014 3232 1031 3259 a
1054 3230 1119 3260 toi:

277 3269 330 3298 tes
348 3267 402 3297 fils
423 3269 582 3298 arrivent
595 3269 639 3299 de
654 3269 725 3299 loin

1201 2783 1416 2822 CANTICUM
1444 2792 1745 2821 ASCENSIONUM.

909 2961 1172 3000 Infaciendo
1207 2959 1352 2999 redire
1381 2960 1543 2998 Jeliova
1579 2957 1877 3008 captivitatem
1916 2957 2037 3002 Sion,

962 3036 1139 3064 eramus
1155 3024 1269 3064 sicut
1291 3023 1578 3069 somniantes,

1196 3191 1234 3221 tu
1256 3190 1287 3220 le
1301 3198 1425 3220 verras
1440 3188 1534 3220 alors
1554 3190 1589 3220 et
1610 3189 1648 3219 tu
1669 3196 1766 3218 seras
1787 3187 1961 3224 radieuse²

1236 3232 1296 3262 ton
1310 3239 1408 3261 coeur
1429 3229 1638 3262 tressaillira
1660 3230 1694 3260 et
1715 3238 1751 3260 se
1771 3228 1941 3259 dilaterat

1366 3292 1953 3305 ···············

320 3310 372 3339 tes
393 3309 482 3338 filles
503 3310 582 3339 sont
599 3311 738 3348 portees
757 3318 818 3341 sur
833 3310 881 3341 les
902 3311 996 3349 bras,
