2243 3568
1002 212 1054 218 —
1082 190 1160 230 '244
1188 211 1239 217 -

1270 313 1499 357 PSAUME
1529 313 1769 363 LXXXIX,
1807 314 1842 356 A
1876 317 1920 357 et
1954 313 2002 356 Β.

317 448 367 497 Α)
398 445 520 498 eleqie
551 457 624 485 sur
654 442 952 485 l'humiliation
972 450 1009 484 et
1029 442 1070 483 la
1089 441 1310 483 (le‘che'ance
1343 441 1390 482 de
1411 441 1452 483 la
1477 454 1570 483 race
1602 443 1648 483 de
1680 443 1825 489 David,
1856 445 1892 482 si
1912 455 2004 483 cou—

238 513 402 559 traires,
424 508 675 558 semble-cu,
701 522 784 549 aux
802 521 1024 562 promesses
1045 507 1166 561 faites
1188 508 1212 548 ci
1233 519 1275 548 ce
1303 509 1370 548 roi
1400 520 1478 560 par
1513 506 1567 548 les
1588 507 1804 561 prophetes
1824 507 2004 555 Samuel,

237 575 420 623 Nathan,
452 583 526 616 ecc.
547 587 560 616 .·
583 576 598 615 Ι
622 576 716 615 Rois
747 575 784 626 (l
802 574 981 625 Samuel)
1014 577 1120 623 XVI,
1149 575 1221 621 12,·
1249 573 1284 613 11
1318 574 1410 613 Rois
1433 573 1486 623 (ΙΙ
1516 574 1698 624 Samuel)
1727 574 1819 622 Vll,
1855 573 2005 621 16-29;

238 643 391 690 XXIII,
416 642 461 689 5;
494 644 513 680 I
540 640 726 691 Paralip.
748 640 880 688 XVII,
905 639 997 679 7-27
1021 651 1029 678 :
1052 639 1147 679 c’est
1180 638 1282 678 donc
1307 650 1366 677 un
1393 649 1562 690 psaume
1583 638 1871 692 messiamque,
1904 640 2008 677 mais

237 710 380 758 opposess
406 719 460 745 au
478 706 756 745 messianisme
776 703 977 758 potitique
1009 710 1048 744 et
1075 700 1267 756 temporel
1288 703 1354 743 des
1371 703 1493 755 Juifs.
1515 726 1565 731 —-
1586 703 1622 743 Il
1649 703 1742 756 saut
1755 715 2010 744 commencer

236 783 315 823 par
340 773 571 822 supprimer
588 771 614 810 a
636 768 675 809 la
691 767 840 809 lecture
862 771 906 820 B)
930 774 1022 809 tous
1044 768 1099 809 les
1116 774 1266 809 versecs
1287 769 1333 808 de
1355 770 1378 809 6
1399 769 1425 809 a
1446 769 1508 816 19,
1527 769 1614 822 qui,
1634 769 1660 809 a
1677 781 1752 808 eux
1768 768 1890 816 καῖε,
1907 780 2008 808 com-

237 843 379 888 posent
399 835 490 886 cle'jd
512 848 569 874 un
590 847 755 886 psaume
774 832 960 887 complet,
980 845 1147 885 psaume
1163 834 1403 888 litiumque,
1420 846 1512 874 avec
1534 845 1580 874 sa
1606 835 1872 874 conclusion:
1897 835 2009 874 Heu-

240 914 349 942 reux
383 902 420 940 le
448 901 657 953 peuple...
694 901 771 951 qui
804 901 981 941 marche
1002 902 1024 939 a
1048 901 1087 940 la
1110 900 1298 940 lumiere
1320 901 1373 940 de
1395 900 1435 940 la
1457 900 1549 940 tace
1568 901 1630 940 ·de
1652 900 1829 940 Yahveh
1851 906 1888 940 et
1911 899 2011 939 doni

296 1025 543 1064 LXXXVIII
593 1047 642 1051 —
673 1025 710 1064 1.
741 1025 799 1064 ΙΝ-

240 1089 467 1118 TELLECTUS
498 1078 639 1117 E'rnAN
672 1078 802 1117 ΕΖιιΑκ

243 1144 376 1171 ΗΙΤΑΕ.

291 1239 322 1273 2.
359 1237 649 1273 Misericordias
682 1237 802 1272 Domi-

244 1286 282 1320 ni
305 1286 324 1304 ²
348 1286 384 1320 in
404 1289 597 1320 internum
617 1286 800 1320 cantabo.

246 1334 285 1367 ln
311 1333 603 1378 generationem
624 1336 661 1367 et
687 1343 806 1378 gene—

245 1381 435 1415 rationem
450 1380 468 1398 ²
480 1381 726 1415 annuntiabo
746 1392 803 1415 ver

245 1428 400 1462 ritatem
426 1431 529 1462 tuam
550 1428 588 1462 in
611 1438 676 1462 ore
699 1438 800 1462 meo.

291 1481 312 1515 3
349 1481 536 1524 Quoniam
565 1481 733 1516 dixisti:
765 1482 806 1516 ln

245 1532 436 1563 aeternum
472 1528 807 1564 misericordia

244 1576 508 1611 {edificabitur
549 1576 587 1610 in
627 1576 738 1611 coelis
760 1587 766 1617 ;
788 1576 807 1595 *

246 1623 533 1668 przoparabitur
567 1623 713 1658 veritas
743 1627 807 1658 tua

248 1671 285 1704 in
305 1671 374 1705 eis.

293 1723 513 1769 4.Disposui
529 1726 808 1759 testamentum

248 1770 383 1806 electis
406 1771 514 1810 meis,
541 1769 669 1816 juravi
692 1772 811 1807 David

247 1828 361 1853 servo
383 1829 466 1853 meo
487 1830 493 1853 :

294 1872 328 1907 5.
371 1872 500 1916 Usque
541 1872 578 1906 in
616 1875 809 1907 wtoruum

248 1919 476 1963 praeparabo
515 1929 646 1954 semen
686 1923 809 1959 tuum.

249 1969 286 2001 et
306 1965 509 2001 aedificabo
529 1966 567 2000 in
586 1967 809 2011 generatio-

251 2023 337 2047 nem
353 2017 390 2048 et
405 2014 698 2059 generationem
716 2014 735 2033 *³³
754 2025 794 2049 sc

249 2060 335 2096 dem
360 2063 479 2095 tuam.

296 2114 329 2149 6.
379 2113 682 2149 Confitebuntur
724 2115 811 2150 coeli

251 2161 446 2196 mirabilia
479 2164 557 2199 tua,
590 2162 761 2203 Domine,
795 2162 813 2181 *ᾗ

250 2208 394 2243 etenim
417 2209 622 2244 veritatem
646 2212 750 2244 tuam
775 2209 813 2244 in

250 2256 414 2291 ecclesia
436 2260 676 2291 sanctorum.

299 2309 331 2343 7.
356 2309 544 2352 Quoniam
567 2310 655 2354 quis
679 2310 717 2344 in
741 2320 815 2344 nu-

252 2356 367 2391 bibus
412 2356 633 2402 {equabitur
688 2357 814 2392 Domi—

253 2414 301 2438 no
322 2415 328 2437 :
349 2404 369 2422 ἧς
397 2404 539 2439 similis
567 2404 641 2440 erit
672 2405 747 2440 Deo
776 2405 813 2439 in

253 2451 346 2485 tiliis
371 2451 434 2486 Dei
456 2449 474 2485 ἰν)

299 2506 333 2539 8.
358 2505 456 2539 Deus
475 2505 540 2549 qui
568 2505 816 2550 glorificatur

255 2551 293 2585 in
316 2552 482 2586 consilio
510 2556 736 2587 sanctorum
760 2564 766 2588 :
796 2554 816 2572 ‘²‘

255 2609 420 2643 magnus
436 2603 472 2634 et
489 2600 680 2635 terribilis
698 2611 816 2653 super

253 2646 468 2691 omnesqui
489 2646 527 2681 in
544 2647 713 2682 circuitu
730 2659 816 2694 ejus

254 2695 361 2727 sunt.

302 2745 339 2780 9.
370 2746 541 2787 Domine,
566 2748 666 2783 Deus
695 2748 815 2784 virtu-

258 2795 351 2833 tum,
375 2793 464 2838 quis
486 2794 629 2830 similis
667 2795 735 2830 tibi
760 2794 779 2830 'P
797 2796 816 2815 ²²

256 2843 393 2884 poiens
413 2850 466 2878 es,
494 2842 663 2880 Domine,
693 2846 730 2877 et
758 2854 817 2878 ve-

257 2886 354 2921 ritas
382 2890 445 2922 tua
474 2887 513 2922 in
536 2888 705 2924 circuitu
729 2892 812 2925 tuo.

305 2939 360 2974 10.
396 2940 450 2974 Tu
489 2941 705 2976 dominaris
756 2954 815 2987 po*

259 2986 392 3021 testati
429 2988 575 3022 marIs:
613 2988 632 3006 ³²
669 2993 817 3024 motum

257 3035 386 3067 autem
424 3034 615 3069 fluctuum
655 3034 740 3081 ejus
776 3040 817 3072 tu

259 3080 431 3125 mitigas.

1136 1025 1301 1064 MASKu,
1330 1025 1471 1064 ΕΤΗΑΝ
1499 1024 1751 1065 EznAnirAE.

1439 1150 1454 1188 I

879 1238 930 1287 A)
942 1237 1466 1278 MisericordiasJehovae
1478 1238 1559 1288 [in]
1572 1243 1800 1278 aeternum
1811 1238 2011 1284 cantabo,

933 1303 979 1342 in
1000 1303 1329 1355 generationem
1354 1308 1395 1343 et
1416 1304 1743 1355 generationem
1775 1304 2013 1344 annuncia-

1269 1369 1341 1418 [bo
1363 1369 1618 1409 fidelitatem
1643 1374 1762 1409 tuam
1785 1380 1858 1409 ore
1881 1381 1978 1409 meo
2001 1384 2008 1409 :

884 1453 991 1492 Vere
1027 1452 1156 1492 dico:
1194 1450 1272 1503 [in]
1293 1457 1522 1492 aeternum
1561 1453 1865 1493 misericordia
1907 1450 2014 1504 [tua]

1715 1516 1989 1570 [aedificatur
2005 1531 2014 1563 3

936 1583 1060 1631 caeli,
1085 1583 1337 1623 stabilivisti
1360 1583 1617 1623 fidelitatem
1640 1588 1761 1623 tuam
1783 1583 1829 1623 in
1851 1583 1928 1623 eis.

885 1664 1034 1718 [Atqui
1051 1665 1218 1717 dixisti]
1237 1679 1256 1704 «
1282 1666 1427 1718 pepigi
1444 1666 1598 1707 foedus
1614 1679 1714 1707 cum
1740 1667 1876 1707 electo
1905 1678 2015 1711 meo,

938 1743 957 1769 η
989 1732 1131 1783 juravi
1155 1732 1289 1772 David
1313 1743 1438 1772 servo
1462 1743 1558 1773 meo
1581 1747 1589 1772 :

887 1827 905 1852 »
937 1815 1084 1867 Usque
1107 1816 1152 1855 in
1173 1821 1387 1856 aeternum
1411 1816 1631 1856 stabiliam
1654 1827 1805 1856 semen
1827 1820 1952 1856 tuum

939 1892 958 1917 ›>
992 1886 1032 1920 et
1046 1881 1285 1921 aedificabo
1306 1882 1350 1921 in
1369 1882 1701 1932 generationem
1723 1887 1763 1922 et
1777 1881 2017 1932 generatio-

1530 1945 1646 1997 [nem
1667 1948 1816 1987 sedem
1834 1945 1976 1987 tuam!
1999 1958 2018 1984 »

1830 2009 1963 2051 selah.

888 2226 934 2276 B)
970 2222 1234 2277 Confitentur
1254 2223 1355 2264 caeli
1375 2222 1565 2265 mirabile
1587 2230 1722 2274 tuum,
1745 2235 1767 2263 o
1786 2222 1936 2264 lehova
1956 2225 2019 2273 (¹),

942 2292 1109 2341 iusuper
1130 2288 1409 2342 [confitentur]
1432 2288 1672 2341 fidelitatem
1692 2296 1809 2330 tuam
1835 2291 1881 2329 in
1905 2288 2020 2329 eccle-

1653 2353 1730 2407 [sia
1750 2361 1990 2395 sauctorum
2011 2365 2023 2394 .·

891 2439 1097 2487 Quoniam
1114 2438 1208 2491 quis
1228 2440 1275 2477 iu
1294 2436 1402 2478 nube
1421 2444 1675 2492 aequaretur
1694 2434 1881 2485 Jehovae‚

942 2503 1093 2543 similis
1113 2509 1214 2543 esset
1233 2501 1403 2544 Jehovae
1424 2505 1468 2543 in
1488 2501 1586 2556 filiis
1608 2501 1776 2543 deorum
1794 2505 1812 2542 ?

891 2590 994 2626 Deue
1017 2584 1214 2627 terribilis
1235 2585 1323 2639 [est]
1340 2589 1385 2626 ia
1399 2591 1514 2626 coetu
1534 2593 1775 2626 sanctorum
1795 2586 1971 2626 multum

944 2659 981 2692 ec
999 2652 1205 2692 timendus
1225 2663 1346 2704 super
1365 2663 1502 2692 omues
1530 2650 1619 2705 [qui
1637 2650 1751 2704 sunt]
1775 2651 1820 2690 in
1839 2651 2022 2691 circuiti·

1811 2715 1901 2768 [bus
1922 2716 2022 2767 ejus.

893 2804 922 2841 Ο
942 2798 1094 2840 Jehova
1117 2801 1211 2840 deus
1233 2801 1499 2846 exercituum,
1535 2801 1628 2854 quis
1657 2802 1764 2840 sicut
1784 2801 1855 2839 tu?
1881 2804 2023 2851 potens

1760 2863 1847 2917 [es],
1870 2875 1892 2904 0
1919 2861 2017 2912 Yah,

944 2934 982 2969 et
1001 2928 1179 2980 fidelitas
1201 2935 1273 2970 tua
1295 2931 1340 2970 in
1360 2928 1605 2970 circuitibus
1629 2930 1742 2970 tuis:

896 3015 953 3051 Tu
972 3010 1201 3052 dominaris
1220 3014 1265 3052 in
1280 3010 1516 3065 superbiam
1538 3014 1681 3056 maris,

947 3078 993 3116 in
1012 3077 1164 3117 elevari
1181 3075 1330 3130 fluctus
1348 3078 1450 3129 ejus,
1476 3082 1519 3117 tu
1540 3079 1707 3130 mitiqas
1727 3088 1819 3124 eos;

321 3203 363 3241 (1)
390 3203 433 3233 Le
453 3205 549 3235 texte
575 3205 708 3236 hebreu
730 3206 845 3237 actuel
867 3214 885 3236 a
903 3208 971 3238 mis
992 3216 1039 3238 un
1060 3214 1130 3239 vav
1149 3207 1193 3246 (la
1216 3209 1436 3247 conJonction
1456 3209 1500 3247 et)
1523 3215 1565 3239 en
1584 3209 1656 3240 tete
1676 3208 1719 3239 de
1736 3216 1775 3239 ce
1796 3208 1913 3239 verset
1931 3216 2021 3248 pour
