2243 3568
300 260 354 296 15.
375 262 427 296 Tu
449 271 488 296 es
509 261 610 295 Deus
629 260 695 305 qui
717 259 812 294 iacis

251 320 459 355 mirabilia.
504 320 639 353 Notam
684 318 810 353 fecisti

252 380 291 414 in
314 378 468 424 populis
484 378 672 412 virtutem
691 380 810 411 tuam.

300 438 355 473 16.
396 436 608 472 Redemisti
646 436 685 471 in
723 436 813 471 bra-

252 497 338 532 chio
370 499 436 532 tuo
466 496 652 541 populum
688 498 812 535 tuum,

253 555 356 590 tilios
375 555 495 591 Jacob
516 557 554 590 et
574 554 732 600 Joseph.

302 614 357 649 17.
391 614 584 650 Viderunt
619 617 655 649 te
687 624 813 658 aquae.

256 675 372 715 Deus,
396 674 582 709 viderunt
603 676 639 708 te
659 671 816 718 aquam*

255 736 293 768 et
315 733 533 767 timuerunt
552 743 559 775 ;
589 736 627 767 et
649 732 817 767 turbat-(n

255 795 350 827 sunt
367 791 517 838 abyssi.

305 851 360 886 18.
408 850 621 886 Multitudo
662 850 818 885 sonitus

256 919 445 955 aquarum
465 920 472 952 3
498 909 518 928 ‘³‘
549 920 679 944 vocem
702 910 819 944 dede—

258 973 351 1004 runt
389 969 527 1004 nubes.
568 969 719 1003 Etenim
757 979 818 1003 sa—

258 1028 370 1073 gitta?
390 1031 466 1062 tute
486 1030 716 1062 transeunt:

308 1087 362 1122 19.
391 1087 470 1121 Vox
500 1086 665 1121 tonitrui
696 1086 751 1121 tui
782 1086 819 1120 in

261 1149 358 1181 rota.
389 1145 612 1180 llluxerunt
638 1155 821 1180 corusca-

263 1205 389 1240 tiones
421 1207 498 1239 tuae
527 1204 612 1240 orbi
645 1208 781 1239 terrie:
802 1204 821 1222 ³

261 1267 452 1299 commota
492 1267 551 1299 est
591 1266 628 1299 et
666 1266 822 1299 contre-

260 1323 360 1358 muit
380 1326 496 1358 terra.

306 1382 363 1417 ¹20.
395 1383 435 1416 In
465 1382 562 1417 mari
591 1382 651 1416 via
681 1385 759 1419 tua*
785 1385 821 1416 et

261 1442 412 1477 semitae
435 1444 511 1475 tua¹
534 1441 572 1476 in
593 1441 706 1486 aquis
727 1441 822 1475 mul-

262 1502 336 1535 tis:
368 1501 387 1519 ἦ
409 1504 445 1535 et
469 1500 634 1546 vestigia
658 1504 723 1535 tua
746 1511 822 1535 non

260 1563 561 1605 cognoscentur.

308 1619 363 1654 21.
384 1618 587 1654 Deduxisti
610 1618 714 1653 sicut
732 1629 823 1653 oves

260 1678 445 1723 populum
470 1681 594 1719 tuum,
609 1678 629 1697 *
647 1678 685 1712 in
705 1688 822 1713 manu

263 1736 385 1783 >loysi
408 1740 446 1772 et
464 1738 607 1772 Aaron.

1015 130 1250 175 —210—

887 259 946 297 Tu
967 262 1042 311 [es]
1060 260 1174 299 Deus
1194 260 1360 299 iaciens
1383 260 1654 311 prodigium,

942 329 1089 363 notam
1114 325 1253 363 iecisti
1279 325 1322 363 in
1346 325 1522 375 populis
1544 325 1752 364 virtutem
1777 331 1913 373 tuam⁷

889 400 1130 441 Redemisti
1155 413 1231 451 per
1253 401 1483 441 brachium
1510 401 1721 451 populum
1747 405 1886 449 tuum,

943 465 1056 505 lilios
1076 466 1210 505 Jacob
1233 471 1272 505 et
1292 466 1472 516 Joseph.

1884 528 2003 571 Selah

1439 619 1474 657 ΙΙ

891 707 1108 746 Viderunt
1129 712 1170 746 te
1191 718 1348 757 aquae,
1372 718 1396 745 ο
1421 707 1548 753 Deus,

944 771 1152 810 viderunt
1173 776 1213 810 te
1234 783 1374 822 aquae
1396 772 1467 820 [et]
1489 776 1782 818 tremuerunt,

946 837 1035 875 imo
1058 836 1304 876 timuerunt
1325 836 1471 889 abyssi
1496 851 1503 875 :

894 914 1255 952 Innundaverunt
1279 913 1408 964 aquis
1429 914 1585 959 nubes,

947 989 1095 1017 vocem
1120 979 1339 1018 dederunt
1361 978 1517 1025 nubes,

948 1043 1037 1081 imo
1059 1043 1243 1094 sagittae
1268 1048 1366 1082 tuae
1391 1048 1707 1093 percurrerunt
1729 1057 1736 1081 ι

894 1120 987 1158 Vox
1010 1119 1193 1159 tonitrui
1217 1119 1279 1158 tui
1304 1117 1417 1170 [fuit]
1446 1119 1490 1157 in
1512 1119 1706 1163 turbine,

948 1184 1196 1224 illuxerunt
1215 1185 1389 1235 fulgura
1409 1184 1528 1231 orbi,'

950 1250 1132 1289 tremuit
1153 1254 1193 1289 et
1215 1249 1452 1299 trepidavit
1473 1253 1588 1288 terra
1611 1248 1619 1288 1

898 1327 977 1365 Per
1000 1338 1121 1366 mare
1144 1325 1260 1377 [fuit]
1283 1327 1351 1366 via
1374 1332 1445 1366 tua

951 1397 991 1432 et
1012 1392 1195 1432 semitae
1217 1397 1316 1432 tuae
1339 1392 1453 1431 inter
1474 1404 1612 1443 aquas
1635 1393 1798 1432 multas

951 1462 991 1497 et
1015 1457 1195 1507 vestigia
1218 1462 1291 1496 tua
1312 1468 1398 1496 non
1421 1457 1595 1507 cognita
1619 1458 1799 1496 fuerunt
1823 1471 1830 1496 :

900 1534 1127 1574 Deduxisti
1153 1534 1267 1574 sicut
1287 1546 1463 1585 gregem
1490 1535 1701 1584 populum
1728 1539 1852 1573 tuum

953 1611 1028 1650 per
1050 1611 1232 1639 manum
1258 1599 1394 1652 Moysi
1418 1603 1459 1639 et.
1481 1601 1644 1644 Aaron,

1516 1870 1747 1915 PSAUME
1780 1869 2021 1914 LXXVIII.

342 2005 513 2041 Psaume
536 1999 774 2053 historique,
796 1998 941 2051 abre'qe‘
958 1999 1004 2038 de
1021 1999 1062 2039 la
1079 2000 1214 2050 partie
1233 1997 1458 2052 historique
1476 1999 1522 2038 de
1540 1996 1715 2045 l'Eoeode‚
1735 1997 1802 2037 des
1820 1994 2027 2037 Nombres.

260 2064 306 2105 de
327 2066 459 2114 Josue',
483 2066 549 2105 des
569 2069 687 2115 Juqes
708 2072 744 2103 et
766 2066 831 2104 (les
853 2063 974 2104 liv'res
996 2064 1042 2103 de
1063 2063 1241 2113 Samuel,
1272 2063 1429 2103 desitne?
1446 2064 1472 2102 d
1492 2061 1721 2115 apprendre
1742 2075 1796 2102 au
1814 2060 1956 2114 periple
1977 2059 2031 2101 les

260 2133 438 2182 oriyz'nes
465 2129 648 2179 (ίἸεναὲί,
673 2136 708 2169 et
736 2131 759 2169 (i
787 2128 997 2183 empliqner
1024 2136 1224 2169 comment
1255 2130 1348 2168 Diem
1378 2129 1493 2167 avait
1516 2128 1685 2180 re'pudz'e'
1703 2125 1877 2166 l'anct‘en
1900 2124 2030 2167 laber-

259 2195 374 2236 nacte
409 2197 455 2236 de
493 2195 575 2236 Silo
614 2203 650 2235 et
684 2194 721 2234 la
764 2193 877 2234 tribu
914 2193 1167 2246 d'Ephraim,
1205 2205 1309 2246 pour
1345 2191 1498 2233 choisir
1532 2194 1630 2234 Sion
1665 2203 1816 2232 comme
1847 2190 2033 2231 demeare

260 2259 448 2301 eternelle
468 2266 504 2300 et
526 2259 657 2300 David
687 2271 836 2300 comme
868 2257 963 2311 chef
984 2258 1032 2299 de
1058 2271 1133 2299 son
1159 2256 1313 2311 peuple.
1350 2260 1547 2298 L’auzeur
1571 2269 1621 2297 ne
1646 2258 1732 2296 suit
1749 2267 1824 2309 pas
1845 2256 2033 2306 touJ'ours

315 2386 519 2425 LXXVII.
543 2407 595 2413 —
626 2385 661 2424 1.
685 2386 823 2424 INTEL-

262 2449 411 2479 Lsscrus
432 2440 588 2478 Asapn.

309 2551 525 2592 Attendite,
537 2551 684 2596 popule
699 2561 821 2586 meus,

262 2598 387 2643 legem
420 2609 540 2633 meam
563 2610 569 2633 :
594 2599 613 2617 ἕ
636 2598 823 2633 inclinate

260 2655 392 2680 aurem
428 2649 597 2681 vestram
633 2645 670 2680 in
706 2645 822 2680 verba

261 2692 340 2727 oris
361 2692 451 2728 mei.

308 2739 341 2773 ⁶2.
367 2740 547 2784 Aperiam
569 2740 605 2773 in
627 2739 823 2784 parabolis

261 2796 304 2820 os
328 2797 476 2820 meum:
498 2787 517 2805 *
534 2787 670 2831 loquar
689 2797 823 2831 propo-

262 2832 427 2867 sitiones
448 2833 496 2867 ab
516 2833 641 2867 initio.

307 2880 340 2913 3.
368 2880 517 2922 Quanta
539 2880 764 2915 audivimus
787 2883 823 2914 et

261 2927 517 2971 cognovimus
531 2937 592 2961 ea:
610 2927 630 2945 *
643 2930 680 2961 et
693 2930 823 2971 patres

264 2973 387 3007 nostri
412 2977 674 3009 narraverunt
695 2973 820 3008 nobis.

309 3020 345 3055 4.
371 3022 451 3055 Non
473 3024 568 3055 sunt
588 3020 781 3055 occultata
803 3032 822 3056 a

263 3066 356 3101 tiliis
387 3067 558 3105 eorunm*
594 3067 633 3101 in
665 3077 825 3112 genera-

265 3113 368 3148 tione
421 3114 556 3150 altera.
611 3114 823 3149 Narrantes

262 3159 398 3195 laudes
417 3161 580 3199 Domini,
601 3164 638 3195 et
654 3161 823 3195 virtutes

262 3204 362 3251 ejus,
382 3207 401 3225 θ’·
435 3211 472 3254 et
509 3207 702 3243 mirabilia
737 3205 823 3252 ejus

262 3263 348 3298 quae
371 3254 478 3290 fecit.

1291 2402 1456 2440 MAsniL
1486 2402 1641 2439 Asaipn.

898 2550 1122 2594 Ausculta,
1151 2549 1209 2588 mi
1234 2548 1409 2599 popule,
1432 2547 1680 2588 doctrinam
1705 2558 1864 2594 meam,

952 2620 1161 2659 inclinate
1183 2630 1333 2658 aurem
1358 2623 1545 2658 vestram
1568 2618 1620 2657 ad
1647 2617 1774 2656 verba
1796 2617 1886 2656 oris
1909 2616 1995 2656 mei
2020 2630 2029 2655 ε

899 2702 1105 2752 Aperiam
1130 2702 1174 2741 in
1198 2701 1317 2752 poesi
1341 2713 1388 2741 os
1414 2712 1577 2748 meum,

951 2774 1175 2813 effundam
1199 2773 1419 2823 enigmata
1442 2772 1495 2811 de
1515 2771 1808 2821 antiquitate3

898 2856 1016 2902 Quae
1037 2855 1292 2895 audivimus
1311 2859 1351 2894 et
1373 2854 1612 2894 didicimus
1634 2865 1681 2893 ea

952 2931 991 2965 et
1015 2931 1160 2977 patres
1182 2925 1319 2965 nostri
1343 2929 1635 2964 narraverunt
1656 2923 1807 2970 nobis3

901 3008 994 3046 Non
1017 3008 1340 3047 occultabimus
1363 3006 1466 3046 filiis
1489 3017 1657 3053 eorum,

951 3077 1227 3129 generationi
1252 3083 1465 3129 posterae,

901 3161 1138 3199 Narrantes
1161 3161 1312 3200 laudes
1332 3161 1521 3200 Jehovae
1896 3156 2029 3204 [iecit.

951 3236 992 3269 et
1022 3230 1329 3270 tortitudinem
1361 3230 1456 3280 ejus
1478 3234 1519 3269 et
1549 3229 1772 3268 mirabilia
1798 3229 1891 3279 ejus
1917 3239 2030 3279 quae
