<?xml version="1.0" encoding="UTF-8"?>
<!DOCTYPE html PUBLIC "-//W3C//DTD XHTML 1.0 Transitional//EN"
    "http://www.w3.org/TR/xhtml1/DTD/xhtml1-transitional.dtd">
<html xmlns="http://www.w3.org/1999/xhtml" xml:lang="en" lang="en">
 <head>
  <title>
</title>
<meta http-equiv="Content-Type" content="text/html;charset=utf-8" />
  <meta name='ocr-system' content='tesseract 3.04.00' />
  <meta name='ocr-capabilities' content='ocr_page ocr_carea ocr_par ocr_line ocrx_word'/>
</head>
<body>
  <div class='ocr_page' id='page_1' title='image "./psalteriumjuxtah00pann_0254.png"; bbox 0 0 2243 3568; ppageno 0'>
   <div class='ocr_carea' id='block_1_1' title="bbox 222 309 789 817">
    <p class='ocr_par' dir='ltr' id='par_1_1' title="bbox 225 309 788 496">
     <span class='ocr_line' id='line_1_1' title="bbox 274 309 786 355; baseline -0.002 -11"><span class='ocrx_word' id='word_1_1' title='bbox 274 310 329 344; x_wconf 84' lang='lat'>70.</span> <span class='ocrx_word' id='word_1_2' title='bbox 356 310 397 344; x_wconf 78' lang='lat' dir='ltr'>Et</span> <span class='ocrx_word' id='word_1_3' title='bbox 419 309 537 355; x_wconf 88' lang='lat' dir='ltr'>elegit</span> <span class='ocrx_word' id='word_1_4' title='bbox 560 309 679 344; x_wconf 88' lang='lat' dir='ltr'>David</span> <span class='ocrx_word' id='word_1_5' title='bbox 703 318 786 343; x_wconf 87' lang='lat' dir='ltr'>ser-</span> 
     </span>
     <span class='ocr_line' id='line_1_2' title="bbox 226 356 786 395; baseline -0.004 -4"><span class='ocrx_word' id='word_1_6' title='bbox 226 367 315 392; x_wconf 90' lang='lat' dir='ltr'>vum</span> <span class='ocrx_word' id='word_1_7' title='bbox 331 366 459 395; x_wconf 77' lang='lat' dir='ltr'>suuni,</span> <span class='ocrx_word' id='word_1_8' title='bbox 471 360 508 391; x_wconf 93' lang='lat' dir='ltr'>et</span> <span class='ocrx_word' id='word_1_9' title='bbox 521 356 686 391; x_wconf 82' lang='lat' dir='ltr'>sustulit</span> <span class='ocrx_word' id='word_1_10' title='bbox 699 365 786 390; x_wconf 78' lang='lat' dir='ltr'>euin</span> 
     </span>
     <span class='ocr_line' id='line_1_3' title="bbox 225 402 788 449; baseline -0.004 -10"><span class='ocrx_word' id='word_1_11' title='bbox 225 405 271 439; x_wconf 92' lang='lat' dir='ltr'>de</span> <span class='ocrx_word' id='word_1_12' title='bbox 301 403 490 449; x_wconf 78' lang='lat' dir='ltr'>gregibus</span> <span class='ocrx_word' id='word_1_13' title='bbox 519 403 650 438; x_wconf 90' lang='lat' dir='ltr'>ovium</span> <span class='ocrx_word' id='word_1_14' title='bbox 670 414 677 445; x_wconf 86' lang='lat'>;</span> <span class='ocrx_word' id='word_1_15' title='bbox 700 402 720 422; x_wconf 39' lang='grc' dir='ltr'>ἧς</span> <span class='ocrx_word' id='word_1_16' title='bbox 741 403 788 438; x_wconf 88' lang='lat' dir='ltr'>de</span> 
     </span>
     <span class='ocr_line' id='line_1_4' title="bbox 225 450 784 496; baseline -0.002 -11"><span class='ocrx_word' id='word_1_17' title='bbox 225 455 311 496; x_wconf 85' lang='lat' dir='ltr'>post</span> <span class='ocrx_word' id='word_1_18' title='bbox 326 451 508 485; x_wconf 83' lang='lat' dir='ltr'>ioetantes</span> <span class='ocrx_word' id='word_1_19' title='bbox 519 450 669 495; x_wconf 86' lang='lat' dir='ltr'>accepit</span> <span class='ocrx_word' id='word_1_20' title='bbox 684 461 784 485; x_wconf 75' lang='lat' dir='ltr'>enin.</span> 
     </span>
    </p>

    <p class='ocr_par' dir='ltr' id='par_1_2' title="bbox 224 497 789 627">
     <span class='ocr_line' id='line_1_5' title="bbox 272 497 789 533; baseline 0 -1"><span class='ocrx_word' id='word_1_21' title='bbox 272 498 328 532; x_wconf 81' lang='grc' dir='ltr'>Ἡ.</span> <span class='ocrx_word' id='word_1_22' title='bbox 362 498 523 532; x_wconf 89' lang='lat' dir='ltr'>Pascere</span> <span class='ocrx_word' id='word_1_23' title='bbox 555 497 675 533; x_wconf 80' lang='lat' dir='ltr'>Jacob</span> <span class='ocrx_word' id='word_1_24' title='bbox 709 507 789 532; x_wconf 85' lang='lat' dir='ltr'>ser-</span> 
     </span>
     <span class='ocr_line' id='line_1_6' title="bbox 225 544 784 584; baseline 0.002 -5"><span class='ocrx_word' id='word_1_25' title='bbox 225 555 315 580; x_wconf 88' lang='lat' dir='ltr'>vum</span> <span class='ocrx_word' id='word_1_26' title='bbox 337 544 553 584; x_wconf 67' lang='lat' dir='ltr'>suu1n‚*et</span> <span class='ocrx_word' id='word_1_27' title='bbox 572 545 691 580; x_wconf 87' lang='lat' dir='ltr'>lsrael</span> <span class='ocrx_word' id='word_1_28' title='bbox 712 545 784 580; x_wconf 79' lang='lat' dir='ltr'>hae-</span> 
     </span>
     <span class='ocr_line' id='line_1_7' title="bbox 224 592 577 627; baseline -0.003 0"><span class='ocrx_word' id='word_1_29' title='bbox 224 592 430 627; x_wconf 85' lang='lat' dir='ltr'>reditatem</span> <span class='ocrx_word' id='word_1_30' title='bbox 453 602 577 627; x_wconf 77' lang='lat' dir='ltr'>suain.</span> 
     </span>
    </p>

    <p class='ocr_par' dir='ltr' id='par_1_3' title="bbox 222 639 785 817">
     <span class='ocr_line' id='line_1_8' title="bbox 270 639 785 684; baseline 0 -10"><span class='ocrx_word' id='word_1_31' title='bbox 270 640 316 674; x_wconf 78' lang='lat'>72</span> <span class='ocrx_word' id='word_1_32' title='bbox 349 641 390 674; x_wconf 83' lang='lat' dir='ltr'>Et</span> <span class='ocrx_word' id='word_1_33' title='bbox 408 639 515 684; x_wconf 85' lang='lat' dir='ltr'>pavit</span> <span class='ocrx_word' id='word_1_34' title='bbox 533 650 598 675; x_wconf 88' lang='lat' dir='ltr'>eos</span> <span class='ocrx_word' id='word_1_35' title='bbox 618 639 657 674; x_wconf 92' lang='lat' dir='ltr'>in</span> <span class='ocrx_word' id='word_1_36' title='bbox 678 639 785 674; x_wconf 92' lang='lat' dir='ltr'>inno-</span> 
     </span>
     <span class='ocr_line' id='line_1_9' title="bbox 223 686 785 730; baseline -0.002 -8"><span class='ocrx_word' id='word_1_37' title='bbox 223 687 352 722; x_wconf 87' lang='lat' dir='ltr'>centia</span> <span class='ocrx_word' id='word_1_38' title='bbox 373 686 504 722; x_wconf 88' lang='lat' dir='ltr'>cordis</span> <span class='ocrx_word' id='word_1_39' title='bbox 526 687 587 722; x_wconf 93' lang='lat' dir='ltr'>sui</span> <span class='ocrx_word' id='word_1_40' title='bbox 615 698 622 730; x_wconf 90' lang='grc'>;</span> <span class='ocrx_word' id='word_1_41' title='bbox 645 687 665 706; x_wconf 65' lang='lat'><em>*</em></span> <span class='ocrx_word' id='word_1_42' title='bbox 687 691 724 722; x_wconf 89' lang='lat' dir='ltr'>et</span> <span class='ocrx_word' id='word_1_43' title='bbox 747 687 785 721; x_wconf 94' lang='lat' dir='ltr'>in</span> 
     </span>
     <span class='ocr_line' id='line_1_10' title="bbox 223 734 785 769; baseline 0 -1"><span class='ocrx_word' id='word_1_44' title='bbox 223 734 514 769; x_wconf 85' lang='lat' dir='ltr'>intellectibus</span> <span class='ocrx_word' id='word_1_45' title='bbox 592 744 785 769; x_wconf 86' lang='lat' dir='ltr'>manuum</span> 
     </span>
     <span class='ocr_line' id='line_1_11' title="bbox 222 781 685 817; baseline -0.002 0"><span class='ocrx_word' id='word_1_46' title='bbox 222 791 383 817; x_wconf 85' lang='lat' dir='ltr'>suarum</span> <span class='ocrx_word' id='word_1_47' title='bbox 412 781 576 816; x_wconf 86' lang='lat' dir='ltr'>deduxit</span> <span class='ocrx_word' id='word_1_48' title='bbox 603 791 685 816; x_wconf 77' lang='lat' dir='ltr'>eos.</span> 
     </span>
    </p>
   </div>
   <div class='ocr_carea' id='block_1_2' title="bbox 989 184 1227 224">
    <p class='ocr_par' dir='ltr' id='par_1_4' title="bbox 989 184 1227 224">
     <span class='ocr_line' id='line_1_12' title="bbox 989 184 1227 224; baseline 0 0"><span class='ocrx_word' id='word_1_49' title='bbox 989 184 1227 224; x_wconf 74' lang='lat'>-220—</span> 
     </span>
    </p>
   </div>
   <div class='ocr_carea' id='block_1_3' title="bbox 863 308 1834 498">
    <p class='ocr_par' dir='ltr' id='par_1_5' title="bbox 863 308 1834 498">
     <span class='ocr_line' id='line_1_13' title="bbox 863 308 1588 361; baseline 0.003 -15"><span class='ocrx_word' id='word_1_50' title='bbox 863 308 920 347; x_wconf 91' lang='lat' dir='ltr'>De</span> <span class='ocrx_word' id='word_1_51' title='bbox 942 313 1041 361; x_wconf 87' lang='lat' dir='ltr'>post</span> <span class='ocrx_word' id='word_1_52' title='bbox 1062 309 1271 348; x_wconf 79' lang='lat' dir='ltr'>laetantes</span> <span class='ocrx_word' id='word_1_53' title='bbox 1288 308 1467 348; x_wconf 84' lang='lat' dir='ltr'>induxit</span> <span class='ocrx_word' id='word_1_54' title='bbox 1489 319 1588 348; x_wconf 89' lang='lat' dir='ltr'>eum</span> 
     </span>
     <span class='ocr_line' id='line_1_14' title="bbox 913 379 1834 431; baseline 0.001 -12"><span class='ocrx_word' id='word_1_55' title='bbox 913 381 966 419; x_wconf 84' lang='lat' dir='ltr'>ad</span> <span class='ocrx_word' id='word_1_56' title='bbox 993 380 1265 431; x_wconf 82' lang='lat' dir='ltr'>pascendum</span> <span class='ocrx_word' id='word_1_57' title='bbox 1286 379 1421 419; x_wconf 80' lang='lat' dir='ltr'>Jacob</span> <span class='ocrx_word' id='word_1_58' title='bbox 1443 380 1655 430; x_wconf 85' lang='lat' dir='ltr'>populum</span> <span class='ocrx_word' id='word_1_59' title='bbox 1679 392 1834 429; x_wconf 83' lang='lat' dir='ltr'>suum3</span> 
     </span>
     <span class='ocr_line' id='line_1_15' title="bbox 915 450 1623 498; baseline 0 -8"><span class='ocrx_word' id='word_1_60' title='bbox 915 455 955 490; x_wconf 85' lang='lat' dir='ltr'>et</span> <span class='ocrx_word' id='word_1_61' title='bbox 974 451 1107 490; x_wconf 78' lang='lat' dir='ltr'>Israel</span> <span class='ocrx_word' id='word_1_62' title='bbox 1134 450 1449 489; x_wconf 79' lang='lat' dir='ltr'>haereditatem</span> <span class='ocrx_word' id='word_1_63' title='bbox 1473 462 1623 498; x_wconf 82' lang='lat' dir='ltr'>suam3</span> 
     </span>
    </p>
   </div>
   <div class='ocr_carea' id='block_1_4' title="bbox 863 551 1994 672">
    <p class='ocr_par' dir='ltr' id='par_1_6' title="bbox 863 551 1994 672">
     <span class='ocr_line' id='line_1_16' title="bbox 863 551 1994 602; baseline 0 -11"><span class='ocrx_word' id='word_1_64' title='bbox 863 551 911 590; x_wconf 87' lang='lat' dir='ltr'>Et</span> <span class='ocrx_word' id='word_1_65' title='bbox 934 551 1053 602; x_wconf 89' lang='lat' dir='ltr'>pavit</span> <span class='ocrx_word' id='word_1_66' title='bbox 1072 562 1144 590; x_wconf 84' lang='lat' dir='ltr'>eos</span> <span class='ocrx_word' id='word_1_67' title='bbox 1167 552 1410 590; x_wconf 79' lang='lat' dir='ltr'>secundum</span> <span class='ocrx_word' id='word_1_68' title='bbox 1433 551 1732 601; x_wconf 77' lang='lat' dir='ltr'>integritatem</span> <span class='ocrx_word' id='word_1_69' title='bbox 1756 553 1900 592; x_wconf 85' lang='lat' dir='ltr'>cordis</span> <span class='ocrx_word' id='word_1_70' title='bbox 1926 552 1994 591; x_wconf 90' lang='lat' dir='ltr'>sui</span> 
     </span>
     <span class='ocr_line' id='line_1_17' title="bbox 917 621 1992 672; baseline 0 -10"><span class='ocrx_word' id='word_1_71' title='bbox 917 622 1022 662; x_wconf 86' lang='lat' dir='ltr'>etin</span> <span class='ocrx_word' id='word_1_72' title='bbox 1046 621 1296 672; x_wconf 85' lang='lat' dir='ltr'>prudentiis</span> <span class='ocrx_word' id='word_1_73' title='bbox 1313 633 1527 661; x_wconf 87' lang='lat' dir='ltr'>manuum</span> <span class='ocrx_word' id='word_1_74' title='bbox 1551 634 1731 662; x_wconf 87' lang='lat' dir='ltr'>suarum</span> <span class='ocrx_word' id='word_1_75' title='bbox 1757 624 1885 663; x_wconf 83' lang='lat' dir='ltr'>duxit</span> <span class='ocrx_word' id='word_1_76' title='bbox 1906 634 1992 670; x_wconf 87' lang='lat' dir='ltr'>eos,</span> 
     </span>
    </p>
   </div>
   <div class='ocr_carea' id='block_1_5' title="bbox 1522 895 1986 939">
    <p class='ocr_par' dir='ltr' id='par_1_7' title="bbox 1522 895 1986 939">
     <span class='ocr_line' id='line_1_18' title="bbox 1522 895 1986 939; baseline 0 -1"><span class='ocrx_word' id='word_1_77' title='bbox 1522 895 1751 939; x_wconf 79' lang='lat' dir='ltr'><strong>PSAUME</strong></span> <span class='ocrx_word' id='word_1_78' title='bbox 1783 896 1986 939; x_wconf 89' lang='lat' dir='ltr'>LXXIX.</span> 
     </span>
    </p>
   </div>
   <div class='ocr_carea' id='block_1_6' title="bbox 218 1010 2034 1323">
    <p class='ocr_par' dir='ltr' id='par_1_8' title="bbox 218 1010 2034 1323">
     <span class='ocr_line' id='line_1_19' title="bbox 300 1010 1995 1066; baseline 0 -13"><span class='ocrx_word' id='word_1_79' title='bbox 300 1015 589 1054; x_wconf 72' lang='lat' dir='ltr'>Lamentation</span> <span class='ocrx_word' id='word_1_80' title='bbox 618 1013 690 1066; x_wconf 75' lang='lat' dir='ltr'>qui</span> <span class='ocrx_word' id='word_1_81' title='bbox 720 1010 909 1063; x_wconf 72' lang='lat' dir='ltr'>complete</span> <span class='ocrx_word' id='word_1_82' title='bbox 938 1010 972 1051; x_wconf 87' lang='lat' dir='ltr'>le</span> <span class='ocrx_word' id='word_1_83' title='bbox 999 1022 1166 1064; x_wconf 71' lang='lat' dir='ltr'>psaume</span> <span class='ocrx_word' id='word_1_84' title='bbox 1196 1015 1389 1052; x_wconf 83' lang='lat' dir='ltr'>LXXIV:</span> <span class='ocrx_word' id='word_1_85' title='bbox 1414 1011 1518 1051; x_wconf 78' lang='lat' dir='ltr'>dans</span> <span class='ocrx_word' id='word_1_86' title='bbox 1548 1024 1588 1052; x_wconf 83' lang='lat' dir='ltr'>ce</span> <span class='ocrx_word' id='word_1_87' title='bbox 1618 1013 1784 1053; x_wconf 77' lang='lat' dir='ltr'>dernier</span> <span class='ocrx_word' id='word_1_88' title='bbox 1812 1011 1995 1054; x_wconf 73' lang='lat' dir='ltr'>c&#39;auceur</span> 
     </span>
     <span class='ocr_line' id='line_1_20' title="bbox 219 1075 2034 1132; baseline 0 -14"><span class='ocrx_word' id='word_1_89' title='bbox 219 1077 378 1131; x_wconf 75' lang='lat' dir='ltr'>parlait</span> <span class='ocrx_word' id='word_1_90' title='bbox 399 1085 567 1118; x_wconf 63' lang='lat' dir='ltr'>surrent</span> <span class='ocrx_word' id='word_1_91' title='bbox 595 1078 640 1117; x_wconf 78' lang='lat' dir='ltr'>de</span> <span class='ocrx_word' id='word_1_92' title='bbox 670 1076 708 1117; x_wconf 78' lang='lat' dir='ltr'>Ia</span> <span class='ocrx_word' id='word_1_93' title='bbox 739 1078 997 1116; x_wconf 59' lang='lat' dir='ltr'>clevastanon</span> <span class='ocrx_word' id='word_1_94' title='bbox 1027 1078 1082 1116; x_wconf 73' lang='lat' dir='ltr'>clu</span> <span class='ocrx_word' id='word_1_95' title='bbox 1115 1075 1258 1129; x_wconf 79' lang='lat' dir='ltr'>temple</span> <span class='ocrx_word' id='word_1_96' title='bbox 1282 1091 1290 1116; x_wconf 71' lang='grc' dir='ltr'><em>ι</em></span> <span class='ocrx_word' id='word_1_97' title='bbox 1314 1080 1367 1116; x_wconf 72' lang='lat' dir='ltr'>ici</span> <span class='ocrx_word' id='word_1_98' title='bbox 1399 1075 1428 1116; x_wconf 77' lang='lat' dir='ltr'>iI</span> <span class='ocrx_word' id='word_1_99' title='bbox 1448 1076 1609 1129; x_wconf 78' lang='lat' dir='ltr'>de&#39;plore</span> <span class='ocrx_word' id='word_1_100' title='bbox 1640 1076 1672 1117; x_wconf 79' lang='lat' dir='ltr'>le</span> <span class='ocrx_word' id='word_1_101' title='bbox 1703 1090 1907 1118; x_wconf 79' lang='lat' dir='ltr'>massacre</span> <span class='ocrx_word' id='word_1_102' title='bbox 1928 1079 1993 1118; x_wconf 82' lang='lat' dir='ltr'>des</span> <span class='ocrx_word' id='word_1_103' title='bbox 2031 1128 2034 1132; x_wconf 89' lang='lat'>.</span> 
     </span>
     <span class='ocr_line' id='line_1_21' title="bbox 219 1140 1995 1196; baseline 0.001 -14"><span class='ocrx_word' id='word_1_104' title='bbox 219 1142 416 1196; x_wconf 68' lang='lat' dir='ltr'>fidelesde</span> <span class='ocrx_word' id='word_1_105' title='bbox 444 1141 615 1184; x_wconf 74' lang='lat' dir='ltr'>Yahveh.</span> <span class='ocrx_word' id='word_1_106' title='bbox 650 1145 772 1182; x_wconf 77' lang='lat' dir='ltr'>Outre</span> <span class='ocrx_word' id='word_1_107' title='bbox 808 1143 861 1181; x_wconf 74' lang='lat' dir='ltr'>les</span> <span class='ocrx_word' id='word_1_108' title='bbox 897 1140 1209 1182; x_wconf 76' lang='lat' dir='ltr'>ressemblances</span> <span class='ocrx_word' id='word_1_109' title='bbox 1242 1141 1400 1194; x_wconf 74' lang='lat' dir='ltr'>pars&#39;oz&#39;s</span> <span class='ocrx_word' id='word_1_110' title='bbox 1438 1140 1617 1182; x_wconf 75' lang='lat' dir='ltr'>verbates</span> <span class='ocrx_word' id='word_1_111' title='bbox 1650 1149 1763 1183; x_wconf 78' lang='lat' dir='ltr'>entre</span> <span class='ocrx_word' id='word_1_112' title='bbox 1797 1155 1858 1183; x_wconf 81' lang='lat' dir='ltr'>ces</span> <span class='ocrx_word' id='word_1_113' title='bbox 1891 1143 1995 1183; x_wconf 68' lang='lat' dir='ltr'>deux</span> 
     </span>
     <span class='ocr_line' id='line_1_22' title="bbox 218 1206 1993 1261; baseline 0.001 -14"><span class='ocrx_word' id='word_1_114' title='bbox 218 1220 407 1260; x_wconf 79' lang='lat' dir='ltr'>psaumes</span> <span class='ocrx_word' id='word_1_115' title='bbox 428 1208 657 1259; x_wconf 79' lang='lat' dir='ltr'>(comparer</span> <span class='ocrx_word' id='word_1_116' title='bbox 682 1211 805 1247; x_wconf 77' lang='lat' dir='ltr'>LXXI</span> <span class='ocrx_word' id='word_1_117' title='bbox 818 1210 853 1254; x_wconf 85' lang='lat' dir='ltr'>V,</span> <span class='ocrx_word' id='word_1_118' title='bbox 882 1209 900 1247; x_wconf 79' lang='lat' dir='ltr'>I</span> <span class='ocrx_word' id='word_1_119' title='bbox 927 1213 965 1246; x_wconf 72' lang='lat' dir='ltr'>et</span> <span class='ocrx_word' id='word_1_120' title='bbox 998 1211 1172 1256; x_wconf 79' lang='lat' dir='ltr'>LXXIX,</span> <span class='ocrx_word' id='word_1_121' title='bbox 1197 1208 1242 1257; x_wconf 80' lang='lat'>5)</span> <span class='ocrx_word' id='word_1_122' title='bbox 1264 1219 1507 1261; x_wconf 77' lang='lat' dir='ltr'>remarquer</span> <span class='ocrx_word' id='word_1_123' title='bbox 1528 1206 1710 1247; x_wconf 69' lang='lat' dir='ltr'>«t’autres</span> <span class='ocrx_word' id='word_1_124' title='bbox 1733 1209 1993 1248; x_wconf 73' lang='lat' dir='ltr'>imitations:</span> 
     </span>
     <span class='ocr_line' id='line_1_23' title="bbox 220 1273 1987 1323; baseline 0 -10"><span class='ocrx_word' id='word_1_125' title='bbox 220 1277 396 1322; x_wconf 81' lang='lat' dir='ltr'>LXXIX,</span> <span class='ocrx_word' id='word_1_126' title='bbox 416 1275 434 1312; x_wconf 70' lang='grc'><em>4</em></span> <span class='ocrx_word' id='word_1_127' title='bbox 451 1279 487 1313; x_wconf 80' lang='lat' dir='ltr'>el</span> <span class='ocrx_word' id='word_1_128' title='bbox 503 1276 594 1313; x_wconf 89' lang='lat' dir='ltr'>XLI</span> <span class='ocrx_word' id='word_1_129' title='bbox 604 1277 643 1322; x_wconf 86' lang='lat' dir='ltr'>V,</span> <span class='ocrx_word' id='word_1_130' title='bbox 665 1275 710 1313; x_wconf 75' lang='lat'>14</span> <span class='ocrx_word' id='word_1_131' title='bbox 723 1285 734 1318; x_wconf 88' lang='lat'>‚·</span> <span class='ocrx_word' id='word_1_132' title='bbox 755 1275 927 1320; x_wconf 88' lang='lat' dir='ltr'>LXXIX,</span> <span class='ocrx_word' id='word_1_133' title='bbox 949 1275 972 1312; x_wconf 78' lang='lat'><em>5</em></span> <span class='ocrx_word' id='word_1_134' title='bbox 986 1278 1023 1312; x_wconf 75' lang='lat' dir='ltr'>et</span> <span class='ocrx_word' id='word_1_135' title='bbox 1040 1275 1255 1319; x_wconf 83' lang='lat' dir='ltr'>LXXXIX,</span> <span class='ocrx_word' id='word_1_136' title='bbox 1272 1273 1346 1321; x_wconf 83' lang='grc'>47,·</span> <span class='ocrx_word' id='word_1_137' title='bbox 1367 1276 1543 1317; x_wconf 85' lang='lat' dir='ltr'>LXXIX,</span> <span class='ocrx_word' id='word_1_138' title='bbox 1560 1276 1582 1306; x_wconf 60' lang='lat' dir='ltr'><strong>V</strong></span> <span class='ocrx_word' id='word_1_139' title='bbox 1599 1273 1922 1323; x_wconf 67' lang='lat' dir='ltr'>6-786J6&#39;1·e&#39;mz&#39;e,</span> <span class='ocrx_word' id='word_1_140' title='bbox 1938 1277 1987 1322; x_wconf 89' lang='lat' dir='ltr'>X,</span> 
     </span>
    </p>
   </div>
   <div class='ocr_carea' id='block_1_7' title="bbox 219 1386 785 1480">
    <p class='ocr_par' dir='ltr' id='par_1_9' title="bbox 219 1386 785 1480">
     <span class='ocr_line' id='line_1_24' title="bbox 273 1386 785 1426; baseline -0.002 0"><span class='ocrx_word' id='word_1_141' title='bbox 273 1387 498 1426; x_wconf 86' lang='lat' dir='ltr'>LXXVIII.</span> <span class='ocrx_word' id='word_1_142' title='bbox 521 1409 570 1413; x_wconf 90' lang='lat'>—</span> <span class='ocrx_word' id='word_1_143' title='bbox 596 1386 629 1425; x_wconf 88' lang='lat'>1.</span> <span class='ocrx_word' id='word_1_144' title='bbox 654 1387 785 1425; x_wconf 66' lang='lat' dir='ltr'>PSAL-</span> 
     </span>
     <span class='ocr_line' id='line_1_25' title="bbox 219 1442 481 1480; baseline -0.004 0"><span class='ocrx_word' id='word_1_145' title='bbox 219 1452 304 1480; x_wconf 79' lang='lat' dir='ltr'>Mus</span> <span class='ocrx_word' id='word_1_146' title='bbox 325 1442 481 1479; x_wconf 78' lang='lat' dir='ltr'>ASAPH.</span> 
     </span>
    </p>
   </div>
   <div class='ocr_carea' id='block_1_8' title="bbox 180 1563 782 3342">
    <p class='ocr_par' dir='ltr' id='par_1_10' title="bbox 217 1563 782 1836">
     <span class='ocr_line' id='line_1_26' title="bbox 268 1563 782 1609; baseline 0.002 -11"><span class='ocrx_word' id='word_1_147' title='bbox 268 1563 383 1603; x_wconf 84' lang='lat' dir='ltr'>Deus,</span> <span class='ocrx_word' id='word_1_148' title='bbox 420 1567 614 1599; x_wconf 90' lang='lat' dir='ltr'>venerunt</span> <span class='ocrx_word' id='word_1_149' title='bbox 644 1567 782 1609; x_wconf 86' lang='lat' dir='ltr'>gentes</span> 
     </span>
     <span class='ocr_line' id='line_1_27' title="bbox 220 1611 780 1656; baseline 0 -11"><span class='ocrx_word' id='word_1_150' title='bbox 220 1611 258 1645; x_wconf 92' lang='lat' dir='ltr'>in</span> <span class='ocrx_word' id='word_1_151' title='bbox 276 1611 544 1646; x_wconf 74' lang='lat' dir='ltr'>haereditaten]</span> <span class='ocrx_word' id='word_1_152' title='bbox 564 1614 682 1648; x_wconf 73' lang='lat' dir='ltr'>tuam,</span> <span class='ocrx_word' id='word_1_153' title='bbox 704 1611 780 1656; x_wconf 74' lang='lat' dir='ltr'>pot</span> 
     </span>
     <span class='ocr_line' id='line_1_28' title="bbox 220 1658 779 1703; baseline 0 -11"><span class='ocrx_word' id='word_1_154' title='bbox 220 1658 380 1693; x_wconf 90' lang='lat' dir='ltr'>luerunt</span> <span class='ocrx_word' id='word_1_155' title='bbox 398 1658 585 1703; x_wconf 87' lang='lat' dir='ltr'>templum</span> <span class='ocrx_word' id='word_1_156' title='bbox 599 1663 779 1693; x_wconf 83' lang='lat' dir='ltr'>sanctum</span> 
     </span>
     <span class='ocr_line' id='line_1_29' title="bbox 221 1705 780 1751; baseline 0.002 -11"><span class='ocrx_word' id='word_1_157' title='bbox 221 1709 330 1740; x_wconf 91' lang='lat' dir='ltr'>tuum</span> <span class='ocrx_word' id='word_1_158' title='bbox 355 1716 362 1747; x_wconf 87' lang='lat'>;</span> <span class='ocrx_word' id='word_1_159' title='bbox 385 1705 405 1724; x_wconf 40' lang='grc' dir='ltr'>Ψ</span> <span class='ocrx_word' id='word_1_160' title='bbox 427 1708 645 1751; x_wconf 80' lang='lat' dir='ltr'>posuerunt</span> <span class='ocrx_word' id='word_1_161' title='bbox 665 1707 780 1741; x_wconf 92' lang='lat' dir='ltr'>Jeru-</span> 
     </span>
     <span class='ocr_line' id='line_1_30' title="bbox 218 1753 781 1798; baseline 0.002 -11"><span class='ocrx_word' id='word_1_162' title='bbox 218 1753 338 1787; x_wconf 84' lang='lat' dir='ltr'>salem</span> <span class='ocrx_word' id='word_1_163' title='bbox 362 1753 400 1787; x_wconf 91' lang='lat' dir='ltr'>in</span> <span class='ocrx_word' id='word_1_164' title='bbox 423 1763 625 1798; x_wconf 86' lang='lat' dir='ltr'>pomorum</span> <span class='ocrx_word' id='word_1_165' title='bbox 648 1756 781 1788; x_wconf 89' lang='lat' dir='ltr'>custo-</span> 
     </span>
     <span class='ocr_line' id='line_1_31' title="bbox 217 1800 335 1836; baseline -0.008 0"><span class='ocrx_word' id='word_1_166' title='bbox 217 1800 335 1836; x_wconf 88' lang='lat' dir='ltr'>diam.</span> 
     </span>
    </p>

    <p class='ocr_par' dir='ltr' id='par_1_11' title="bbox 218 1847 780 2071">
     <span class='ocr_line' id='line_1_32' title="bbox 264 1847 779 1883; baseline 0.002 -1"><span class='ocrx_word' id='word_1_167' title='bbox 264 1847 297 1883; x_wconf 75' lang='lat'>2.</span> <span class='ocrx_word' id='word_1_168' title='bbox 315 1848 535 1882; x_wconf 88' lang='lat' dir='ltr'>Posuerunt</span> <span class='ocrx_word' id='word_1_169' title='bbox 557 1848 779 1883; x_wconf 84' lang='lat' dir='ltr'>morticinia</span> 
     </span>
     <span class='ocr_line' id='line_1_33' title="bbox 219 1898 780 1933; baseline 0.002 -4"><span class='ocrx_word' id='word_1_170' title='bbox 219 1905 422 1929; x_wconf 89' lang='lat' dir='ltr'>servorum</span> <span class='ocrx_word' id='word_1_171' title='bbox 465 1898 635 1933; x_wconf 83' lang='lat' dir='ltr'>tuorum,</span> <span class='ocrx_word' id='word_1_172' title='bbox 671 1905 780 1930; x_wconf 81' lang='lat' dir='ltr'>escas</span> 
     </span>
     <span class='ocr_line' id='line_1_34' title="bbox 218 1942 780 1984; baseline 0.002 -8"><span class='ocrx_word' id='word_1_173' title='bbox 218 1942 446 1976; x_wconf 88' lang='lat' dir='ltr'>volatilibus</span> <span class='ocrx_word' id='word_1_174' title='bbox 468 1942 554 1976; x_wconf 74' lang='lat' dir='ltr'>coeli</span> <span class='ocrx_word' id='word_1_175' title='bbox 576 1953 583 1984; x_wconf 88' lang='lat'>;</span> <span class='ocrx_word' id='word_1_176' title='bbox 604 1942 623 1960; x_wconf 62' lang='lat'>¹*</span> <span class='ocrx_word' id='word_1_177' title='bbox 642 1952 780 1977; x_wconf 85' lang='lat' dir='ltr'>carnes</span> 
     </span>
     <span class='ocr_line' id='line_1_35' title="bbox 218 1990 780 2027; baseline 0.002 -4"><span class='ocrx_word' id='word_1_178' title='bbox 218 1992 445 2024; x_wconf 86' lang='lat' dir='ltr'>sanctorum</span> <span class='ocrx_word' id='word_1_179' title='bbox 459 1992 628 2027; x_wconf 83' lang='lat' dir='ltr'>tuorum,</span> <span class='ocrx_word' id='word_1_180' title='bbox 642 1990 780 2024; x_wconf 87' lang='lat' dir='ltr'>bestiis</span> 
     </span>
     <span class='ocr_line' id='line_1_36' title="bbox 235 2047 347 2071; baseline 0.009 -1"><span class='ocrx_word' id='word_1_181' title='bbox 235 2047 347 2071; x_wconf 77' lang='lat' dir='ltr'>errae.</span> 
     </span>
    </p>

    <p class='ocr_par' dir='ltr' id='par_1_12' title="bbox 216 2083 778 2317">
     <span class='ocr_line' id='line_1_37' title="bbox 263 2083 778 2129; baseline 0.002 -12"><span class='ocrx_word' id='word_1_182' title='bbox 263 2083 300 2118; x_wconf 86' lang='lat'>3.</span> <span class='ocrx_word' id='word_1_183' title='bbox 348 2083 579 2118; x_wconf 71' lang='lat' dir='ltr'>Effuderunt</span> <span class='ocrx_word' id='word_1_184' title='bbox 621 2084 778 2129; x_wconf 86' lang='lat' dir='ltr'>sangui-</span> 
     </span>
     <span class='ocr_line' id='line_1_38' title="bbox 218 2134 777 2176; baseline 0.002 -12"><span class='ocrx_word' id='word_1_185' title='bbox 218 2140 317 2165; x_wconf 89' lang='lat' dir='ltr'>nem</span> <span class='ocrx_word' id='word_1_186' title='bbox 358 2141 515 2165; x_wconf 89' lang='lat' dir='ltr'>eorum</span> <span class='ocrx_word' id='word_1_187' title='bbox 559 2134 777 2176; x_wconf 82' lang='lat' dir='ltr'>tanquan]</span> 
     </span>
     <span class='ocr_line' id='line_1_39' title="bbox 216 2178 777 2223; baseline 0.002 -11"><span class='ocrx_word' id='word_1_188' title='bbox 216 2188 355 2223; x_wconf 87' lang='lat' dir='ltr'>aquam</span> <span class='ocrx_word' id='word_1_189' title='bbox 377 2178 415 2212; x_wconf 93' lang='lat' dir='ltr'>in</span> <span class='ocrx_word' id='word_1_190' title='bbox 434 2178 603 2212; x_wconf 81' lang='lat' dir='ltr'>circuitu</span> <span class='ocrx_word' id='word_1_191' title='bbox 622 2179 777 2213; x_wconf 77' lang='lat' dir='ltr'>Jerusa</span> 
     </span>
     <span class='ocr_line' id='line_1_40' title="bbox 217 2225 777 2270; baseline 0.004 -12"><span class='ocrx_word' id='word_1_192' title='bbox 217 2225 290 2259; x_wconf 91' lang='lat' dir='ltr'>lem</span> <span class='ocrx_word' id='word_1_193' title='bbox 310 2236 318 2267; x_wconf 89' lang='lat'>;</span> <span class='ocrx_word' id='word_1_194' title='bbox 335 2225 355 2243; x_wconf 67' lang='lat'>÷=÷</span> <span class='ocrx_word' id='word_1_195' title='bbox 376 2228 411 2260; x_wconf 88' lang='lat' dir='ltr'>et</span> <span class='ocrx_word' id='word_1_196' title='bbox 432 2236 509 2260; x_wconf 92' lang='lat' dir='ltr'>non</span> <span class='ocrx_word' id='word_1_197' title='bbox 530 2229 612 2260; x_wconf 89' lang='lat' dir='ltr'>erat</span> <span class='ocrx_word' id='word_1_198' title='bbox 633 2226 698 2270; x_wconf 87' lang='lat' dir='ltr'>qui</span> <span class='ocrx_word' id='word_1_199' title='bbox 722 2236 777 2261; x_wconf 78' lang='lat' dir='ltr'>se—</span> 
     </span>
     <span class='ocr_line' id='line_1_41' title="bbox 216 2273 368 2317; baseline 0.007 -11"><span class='ocrx_word' id='word_1_200' title='bbox 216 2273 368 2317; x_wconf 87' lang='lat' dir='ltr'>peliret.</span> 
     </span>
    </p>

    <p class='ocr_par' dir='ltr' id='par_1_13' title="bbox 215 2320 777 2506">
     <span class='ocr_line' id='line_1_42' title="bbox 263 2320 777 2365; baseline -0.002 -11"><span class='ocrx_word' id='word_1_201' title='bbox 263 2320 295 2354; x_wconf 72' lang='lat'>4.</span> <span class='ocrx_word' id='word_1_202' title='bbox 332 2320 436 2354; x_wconf 85' lang='lat' dir='ltr'>Facti</span> <span class='ocrx_word' id='word_1_203' title='bbox 468 2330 606 2354; x_wconf 83' lang='lat' dir='ltr'>sumus</span> <span class='ocrx_word' id='word_1_204' title='bbox 637 2330 777 2365; x_wconf 80' lang='lat' dir='ltr'>oppro-</span> 
     </span>
     <span class='ocr_line' id='line_1_43' title="bbox 216 2367 777 2409; baseline -0.002 -7"><span class='ocrx_word' id='word_1_205' title='bbox 216 2367 344 2402; x_wconf 86' lang='lat' dir='ltr'>brium</span> <span class='ocrx_word' id='word_1_206' title='bbox 383 2367 524 2402; x_wconf 83' lang='lat' dir='ltr'>vicinis</span> <span class='ocrx_word' id='word_1_207' title='bbox 558 2367 707 2402; x_wconf 88' lang='lat' dir='ltr'>nostris</span> <span class='ocrx_word' id='word_1_208' title='bbox 727 2378 734 2409; x_wconf 87' lang='lat'>;</span> <span class='ocrx_word' id='word_1_209' title='bbox 758 2367 777 2386; x_wconf 77' lang='lat'>-:÷:-</span> 
     </span>
     <span class='ocr_line' id='line_1_44' title="bbox 215 2415 777 2449; baseline 0.002 -1"><span class='ocrx_word' id='word_1_210' title='bbox 215 2415 475 2449; x_wconf 80' lang='lat' dir='ltr'>subsannatio</span> <span class='ocrx_word' id='word_1_211' title='bbox 496 2417 534 2449; x_wconf 88' lang='lat' dir='ltr'>et</span> <span class='ocrx_word' id='word_1_212' title='bbox 557 2415 689 2449; x_wconf 86' lang='lat' dir='ltr'>illusio</span> <span class='ocrx_word' id='word_1_213' title='bbox 717 2415 777 2449; x_wconf 86' lang='lat' dir='ltr'>bis</span> 
     </span>
     <span class='ocr_line' id='line_1_45' title="bbox 215 2461 774 2506; baseline 0.004 -11"><span class='ocrx_word' id='word_1_214' title='bbox 215 2461 774 2506; x_wconf 77' lang='lat' dir='ltr'>qniincircuitunostrosunt.</span> 
     </span>
    </p>

    <p class='ocr_par' dir='ltr' id='par_1_14' title="bbox 214 2509 778 2685">
     <span class='ocr_line' id='line_1_46' title="bbox 262 2509 775 2554; baseline 0.004 -12"><span class='ocrx_word' id='word_1_215' title='bbox 262 2509 300 2542; x_wconf 67' lang='grc' dir='ltr'>Ξῖ.</span> <span class='ocrx_word' id='word_1_216' title='bbox 340 2510 559 2554; x_wconf 82' lang='lat' dir='ltr'>Usquequo,</span> <span class='ocrx_word' id='word_1_217' title='bbox 602 2509 775 2547; x_wconf 75' lang='lat' dir='ltr'>Domine,</span> 
     </span>
     <span class='ocr_line' id='line_1_47' title="bbox 217 2556 778 2598; baseline 0.004 -9"><span class='ocrx_word' id='word_1_218' title='bbox 217 2556 399 2591; x_wconf 83' lang='lat' dir='ltr'>irasceris</span> <span class='ocrx_word' id='word_1_219' title='bbox 414 2556 451 2590; x_wconf 92' lang='lat' dir='ltr'>in</span> <span class='ocrx_word' id='word_1_220' title='bbox 467 2557 581 2591; x_wconf 84' lang='lat' dir='ltr'>tinem</span> <span class='ocrx_word' id='word_1_221' title='bbox 598 2556 631 2598; x_wconf 58' lang='lat'>3*</span> <span class='ocrx_word' id='word_1_222' title='bbox 643 2567 778 2591; x_wconf 78' lang='lat' dir='ltr'>aecen-</span> 
     </span>
     <span class='ocr_line' id='line_1_48' title="bbox 214 2603 776 2649; baseline 0 -11"><span class='ocrx_word' id='word_1_223' title='bbox 214 2603 328 2638; x_wconf 89' lang='lat' dir='ltr'>detur</span> <span class='ocrx_word' id='word_1_224' title='bbox 372 2603 478 2638; x_wconf 90' lang='lat' dir='ltr'>velut</span> <span class='ocrx_word' id='word_1_225' title='bbox 524 2604 628 2649; x_wconf 87' lang='lat' dir='ltr'>ignis</span> <span class='ocrx_word' id='word_1_226' title='bbox 670 2604 776 2639; x_wconf 88' lang='lat' dir='ltr'>zelus</span> 
     </span>
     <span class='ocr_line' id='line_1_49' title="bbox 217 2648 354 2685; baseline 0 -1"><span class='ocrx_word' id='word_1_227' title='bbox 217 2653 307 2685; x_wconf 90' lang='lat' dir='ltr'>tuus</span> <span class='ocrx_word' id='word_1_228' title='bbox 335 2648 354 2684; x_wconf 64' lang='grc' dir='ltr'>Ῥ</span> 
     </span>
    </p>

    <p class='ocr_par' dir='ltr' id='par_1_15' title="bbox 213 2697 776 2919">
     <span class='ocr_line' id='line_1_50' title="bbox 261 2697 775 2733; baseline 0.002 -3"><span class='ocrx_word' id='word_1_229' title='bbox 261 2697 294 2732; x_wconf 83' lang='grc'>6.</span> <span class='ocrx_word' id='word_1_230' title='bbox 318 2698 479 2733; x_wconf 86' lang='lat' dir='ltr'>Essnnde</span> <span class='ocrx_word' id='word_1_231' title='bbox 500 2698 595 2732; x_wconf 87' lang='lat' dir='ltr'>iram</span> <span class='ocrx_word' id='word_1_232' title='bbox 615 2701 719 2733; x_wconf 89' lang='lat' dir='ltr'>tuam</span> <span class='ocrx_word' id='word_1_233' title='bbox 738 2698 775 2732; x_wconf 90' lang='lat' dir='ltr'>in</span> 
     </span>
     <span class='ocr_line' id='line_1_51' title="bbox 213 2748 776 2789; baseline 0.002 -11"><span class='ocrx_word' id='word_1_234' title='bbox 213 2748 351 2789; x_wconf 83' lang='lat' dir='ltr'>gentes</span> <span class='ocrx_word' id='word_1_235' title='bbox 379 2755 465 2789; x_wconf 59' lang='lat' dir='ltr'>quie</span> <span class='ocrx_word' id='word_1_236' title='bbox 496 2749 531 2779; x_wconf 89' lang='lat' dir='ltr'>te</span> <span class='ocrx_word' id='word_1_237' title='bbox 554 2756 628 2779; x_wconf 91' lang='lat' dir='ltr'>non</span> <span class='ocrx_word' id='word_1_238' title='bbox 660 2756 776 2779; x_wconf 83' lang='lat' dir='ltr'>nove-</span> 
     </span>
     <span class='ocr_line' id='line_1_52' title="bbox 215 2792 776 2837; baseline 0.004 -12"><span class='ocrx_word' id='word_1_239' title='bbox 215 2795 306 2825; x_wconf 88' lang='lat' dir='ltr'>runt</span> <span class='ocrx_word' id='word_1_240' title='bbox 326 2803 333 2832; x_wconf 84' lang='lat'><em>;</em></span> <span class='ocrx_word' id='word_1_241' title='bbox 397 2795 434 2826; x_wconf 86' lang='lat' dir='ltr'>et</span> <span class='ocrx_word' id='word_1_242' title='bbox 458 2792 495 2826; x_wconf 91' lang='lat' dir='ltr'>in</span> <span class='ocrx_word' id='word_1_243' title='bbox 537 2802 655 2837; x_wconf 86' lang='lat' dir='ltr'>regna</span> <span class='ocrx_word' id='word_1_244' title='bbox 689 2803 776 2837; x_wconf 70' lang='lat' dir='ltr'>qun}</span> 
     </span>
     <span class='ocr_line' id='line_1_53' title="bbox 216 2839 774 2874; baseline 0.004 -3"><span class='ocrx_word' id='word_1_245' title='bbox 216 2848 356 2872; x_wconf 83' lang='lat' dir='ltr'>nomen</span> <span class='ocrx_word' id='word_1_246' title='bbox 386 2842 494 2873; x_wconf 90' lang='lat' dir='ltr'>tuum</span> <span class='ocrx_word' id='word_1_247' title='bbox 519 2849 595 2873; x_wconf 89' lang='lat' dir='ltr'>non</span> <span class='ocrx_word' id='word_1_248' title='bbox 625 2839 774 2874; x_wconf 82' lang='lat' dir='ltr'>invoca-</span> 
     </span>
     <span class='ocr_line' id='line_1_54' title="bbox 214 2888 368 2919; baseline 0 0"><span class='ocrx_word' id='word_1_249' title='bbox 214 2888 368 2919; x_wconf 84' lang='lat' dir='ltr'>verunt.</span> 
     </span>
    </p>

    <p class='ocr_par' dir='ltr' id='par_1_16' title="bbox 180 2932 775 3060">
     <span class='ocr_line' id='line_1_55' title="bbox 261 2932 775 2974; baseline 0.002 -8"><span class='ocrx_word' id='word_1_250' title='bbox 261 2933 293 2966; x_wconf 84' lang='lat'>7.</span> <span class='ocrx_word' id='word_1_251' title='bbox 319 2932 413 2974; x_wconf 79' lang='lat' dir='ltr'>Quia</span> <span class='ocrx_word' id='word_1_252' title='bbox 435 2933 688 2967; x_wconf 78' lang='lat' dir='ltr'>comederunt</span> <span class='ocrx_word' id='word_1_253' title='bbox 710 2933 775 2967; x_wconf 84' lang='lat' dir='ltr'>Ja-</span> 
     </span>
     <span class='ocr_line' id='line_1_56' title="bbox 213 2977 775 3023; baseline 0 -10"><span class='ocrx_word' id='word_1_254' title='bbox 213 2979 283 3013; x_wconf 84' lang='lat' dir='ltr'>cob</span> <span class='ocrx_word' id='word_1_255' title='bbox 302 2990 309 3019; x_wconf 81' lang='grc'><strong>;</strong></span> <span class='ocrx_word' id='word_1_256' title='bbox 327 2979 347 2997; x_wconf 61' lang='lat'>⁸⁴·</span> <span class='ocrx_word' id='word_1_257' title='bbox 366 2982 402 3013; x_wconf 84' lang='lat' dir='ltr'>et</span> <span class='ocrx_word' id='word_1_258' title='bbox 419 2979 544 3013; x_wconf 77' lang='lat' dir='ltr'>locuni</span> <span class='ocrx_word' id='word_1_259' title='bbox 565 2977 650 3023; x_wconf 83' lang='lat' dir='ltr'>ejus</span> <span class='ocrx_word' id='word_1_260' title='bbox 669 2980 775 3014; x_wconf 78' lang='lat' dir='ltr'>deso-</span> 
     </span>
     <span class='ocr_line' id='line_1_57' title="bbox 180 3025 408 3060; baseline 0 -1"><span class='ocrx_word' id='word_1_261' title='bbox 180 3038 194 3045; x_wconf 53' lang='grc'>·»</span> <span class='ocrx_word' id='word_1_262' title='bbox 214 3025 408 3060; x_wconf 82' lang='lat' dir='ltr'>laverunt.</span> 
     </span>
    </p>

    <p class='ocr_par' dir='ltr' id='par_1_17' title="bbox 213 3073 775 3342">
     <span class='ocr_line' id='line_1_58' title="bbox 259 3073 774 3117; baseline 0.002 -10"><span class='ocrx_word' id='word_1_263' title='bbox 259 3073 292 3107; x_wconf 83' lang='lat'>8.</span> <span class='ocrx_word' id='word_1_264' title='bbox 317 3073 368 3107; x_wconf 84' lang='lat' dir='ltr'>Ne</span> <span class='ocrx_word' id='word_1_265' title='bbox 388 3073 774 3117; x_wconf 81' lang='lat' dir='ltr'>meminerisiniqui-</span> 
     </span>
     <span class='ocr_line' id='line_1_59' title="bbox 216 3120 759 3164; baseline 0.004 -11"><span class='ocrx_word' id='word_1_266' title='bbox 216 3122 339 3153; x_wconf 82' lang='lat' dir='ltr'>tatum</span> <span class='ocrx_word' id='word_1_267' title='bbox 357 3122 581 3153; x_wconf 85' lang='lat' dir='ltr'>nostrarum</span> <span class='ocrx_word' id='word_1_268' title='bbox 598 3120 759 3164; x_wconf 79' lang='lat' dir='ltr'>antiqua</span> 
     </span>
     <span class='ocr_line' id='line_1_60' title="bbox 214 3166 775 3211; baseline 0.002 -11"><span class='ocrx_word' id='word_1_269' title='bbox 214 3176 314 3205; x_wconf 86' lang='lat' dir='ltr'>rum,</span> <span class='ocrx_word' id='word_1_270' title='bbox 347 3166 424 3201; x_wconf 82' lang='lat' dir='ltr'>cito</span> <span class='ocrx_word' id='word_1_271' title='bbox 453 3166 667 3211; x_wconf 77' lang='lat' dir='ltr'>anticipent</span> <span class='ocrx_word' id='word_1_272' title='bbox 705 3177 775 3201; x_wconf 87' lang='lat' dir='ltr'>nos</span> 
     </span>
     <span class='ocr_line' id='line_1_61' title="bbox 214 3213 774 3258; baseline 0.004 -12"><span class='ocrx_word' id='word_1_273' title='bbox 214 3213 496 3248; x_wconf 59' lang='lat' dir='ltr'>misericordiae</span> <span class='ocrx_word' id='word_1_274' title='bbox 518 3217 593 3248; x_wconf 62' lang='lat' dir='ltr'>tuin</span> <span class='ocrx_word' id='word_1_275' title='bbox 613 3224 619 3255; x_wconf 87' lang='lat'>;</span> <span class='ocrx_word' id='word_1_276' title='bbox 644 3214 663 3231; x_wconf 28' lang='grc' dir='ltr'>θ’</span> <span class='ocrx_word' id='word_1_277' title='bbox 684 3214 774 3258; x_wconf 83' lang='lat' dir='ltr'>quia</span> 
     </span>
     <span class='ocr_line' id='line_1_62' title="bbox 213 3260 774 3305; baseline -0.002 -10"><span class='ocrx_word' id='word_1_278' title='bbox 213 3270 403 3305; x_wconf 85' lang='lat' dir='ltr'>pauperes</span> <span class='ocrx_word' id='word_1_279' title='bbox 431 3260 522 3295; x_wconf 80' lang='lat' dir='ltr'>tacti</span> <span class='ocrx_word' id='word_1_280' title='bbox 553 3270 691 3295; x_wconf 87' lang='lat' dir='ltr'>sumus</span> <span class='ocrx_word' id='word_1_281' title='bbox 714 3261 774 3294; x_wconf 88' lang='lat' dir='ltr'>ni-</span> 
     </span>
     <span class='ocr_line' id='line_1_63' title="bbox 213 3317 301 3342; baseline 0 -1"><span class='ocrx_word' id='word_1_282' title='bbox 213 3317 301 3342; x_wconf 78' lang='lat' dir='ltr'>mis.</span> 
     </span>
    </p>
   </div>
   <div class='ocr_carea' id='block_1_9' title="bbox 1229 1386 1616 1514">
    <p class='ocr_par' dir='ltr' id='par_1_18' title="bbox 1229 1386 1616 1514">
     <span class='ocr_line' id='line_1_64' title="bbox 1229 1386 1616 1426; baseline 0.003 -1"><span class='ocrx_word' id='word_1_283' title='bbox 1229 1386 1425 1426; x_wconf 78' lang='lat' dir='ltr'>PSALMUS</span> <span class='ocrx_word' id='word_1_284' title='bbox 1455 1386 1616 1426; x_wconf 64' lang='lat' dir='ltr'>AsApn.</span> 
     </span>
     <span class='ocr_line' id='line_1_65' title="bbox 1420 1475 1435 1514; baseline 0 0"><span class='ocrx_word' id='word_1_285' title='bbox 1420 1475 1435 1514; x_wconf 93' lang='lat' dir='ltr'>I</span> 
     </span>
    </p>
   </div>
   <div class='ocr_carea' id='block_1_10' title="bbox 858 1563 1992 1770">
    <p class='ocr_par' dir='ltr' id='par_1_19' title="bbox 858 1563 1992 1770">
     <span class='ocr_line' id='line_1_66' title="bbox 858 1563 1992 1613; baseline 0.001 -11"><span class='ocrx_word' id='word_1_286' title='bbox 858 1564 888 1603; x_wconf 93' lang='grc' dir='ltr'>Ο</span> <span class='ocrx_word' id='word_1_287' title='bbox 910 1563 1037 1611; x_wconf 89' lang='lat' dir='ltr'>Deus,</span> <span class='ocrx_word' id='word_1_288' title='bbox 1062 1568 1278 1603; x_wconf 88' lang='lat' dir='ltr'>venerunt</span> <span class='ocrx_word' id='word_1_289' title='bbox 1293 1568 1444 1613; x_wconf 82' lang='lat' dir='ltr'>gentes</span> <span class='ocrx_word' id='word_1_290' title='bbox 1460 1563 1504 1602; x_wconf 90' lang='lat' dir='ltr'>in</span> <span class='ocrx_word' id='word_1_291' title='bbox 1522 1564 1837 1603; x_wconf 83' lang='lat' dir='ltr'>haereditatem</span> <span class='ocrx_word' id='word_1_292' title='bbox 1856 1568 1992 1613; x_wconf 80' lang='lat' dir='ltr'>tuam,</span> 
     </span>
     <span class='ocr_line' id='line_1_67' title="bbox 912 1642 1812 1694; baseline -0.001 -12"><span class='ocrx_word' id='word_1_293' title='bbox 912 1642 1166 1692; x_wconf 78' lang='lat' dir='ltr'>polluerunt</span> <span class='ocrx_word' id='word_1_294' title='bbox 1190 1644 1404 1694; x_wconf 84' lang='lat' dir='ltr'>templum</span> <span class='ocrx_word' id='word_1_295' title='bbox 1430 1642 1676 1682; x_wconf 81' lang='lat' dir='ltr'>sanctitatis</span> <span class='ocrx_word' id='word_1_296' title='bbox 1697 1647 1812 1690; x_wconf 83' lang='lat' dir='ltr'>tuae,</span> 
     </span>
     <span class='ocr_line' id='line_1_68' title="bbox 910 1720 1990 1770; baseline 0 -12"><span class='ocrx_word' id='word_1_297' title='bbox 910 1725 1154 1770; x_wconf 84' lang='lat' dir='ltr'>posuerunt</span> <span class='ocrx_word' id='word_1_298' title='bbox 1173 1721 1419 1760; x_wconf 85' lang='lat' dir='ltr'>Jerusalem</span> <span class='ocrx_word' id='word_1_299' title='bbox 1445 1720 1490 1759; x_wconf 93' lang='lat' dir='ltr'>in</span> <span class='ocrx_word' id='word_1_300' title='bbox 1513 1720 1745 1759; x_wconf 83' lang='lat' dir='ltr'>ruinarum</span> <span class='ocrx_word' id='word_1_301' title='bbox 1777 1730 1956 1758; x_wconf 87' lang='lat' dir='ltr'>acervos</span> <span class='ocrx_word' id='word_1_302' title='bbox 1983 1733 1990 1767; x_wconf 91' lang='lat'>;</span> 
     </span>
    </p>
   </div>
   <div class='ocr_carea' id='block_1_11' title="bbox 856 1814 1929 2012">
    <p class='ocr_par' dir='ltr' id='par_1_20' title="bbox 856 1814 1929 2012">
     <span class='ocr_line' id='line_1_69' title="bbox 856 1814 1757 1854; baseline 0 -2"><span class='ocrx_word' id='word_1_303' title='bbox 856 1814 1079 1854; x_wconf 88' lang='lat' dir='ltr'>Dederunt</span> <span class='ocrx_word' id='word_1_304' title='bbox 1096 1817 1305 1854; x_wconf 83' lang='lat' dir='ltr'>cadavera</span> <span class='ocrx_word' id='word_1_305' title='bbox 1329 1826 1557 1854; x_wconf 81' lang='lat' dir='ltr'>servorum</span> <span class='ocrx_word' id='word_1_306' title='bbox 1581 1819 1757 1853; x_wconf 85' lang='lat' dir='ltr'>tuorum</span> 
     </span>
     <span class='ocr_line' id='line_1_70' title="bbox 909 1891 1495 1938; baseline 0 -9"><span class='ocrx_word' id='word_1_307' title='bbox 909 1902 1051 1929; x_wconf 85' lang='lat' dir='ltr'>escam</span> <span class='ocrx_word' id='word_1_308' title='bbox 1077 1891 1232 1931; x_wconf 81' lang='lat' dir='ltr'>avibus</span> <span class='ocrx_word' id='word_1_309' title='bbox 1254 1892 1495 1938; x_wconf 82' lang='lat' dir='ltr'>caelorum,</span> 
     </span>
     <span class='ocr_line' id='line_1_71' title="bbox 908 1967 1929 2012; baseline 0 -7"><span class='ocrx_word' id='word_1_310' title='bbox 908 1978 1085 2006; x_wconf 83' lang='lat' dir='ltr'>earnem</span> <span class='ocrx_word' id='word_1_311' title='bbox 1105 1973 1356 2007; x_wconf 81' lang='lat' dir='ltr'>sanctorum</span> <span class='ocrx_word' id='word_1_312' title='bbox 1384 1973 1559 2007; x_wconf 88' lang='lat' dir='ltr'>tuorum</span> <span class='ocrx_word' id='word_1_313' title='bbox 1584 1967 1737 2006; x_wconf 87' lang='lat' dir='ltr'>bestiis</span> <span class='ocrx_word' id='word_1_314' title='bbox 1761 1971 1929 2012; x_wconf 85' lang='lat' dir='ltr'>terrae,</span> 
     </span>
    </p>
   </div>
   <div class='ocr_carea' id='block_1_12' title="bbox 855 2062 1866 2268">
    <p class='ocr_par' dir='ltr' id='par_1_21' title="bbox 855 2062 1866 2268">
     <span class='ocr_line' id='line_1_72' title="bbox 855 2062 1866 2113; baseline 0 -13"><span class='ocrx_word' id='word_1_315' title='bbox 855 2062 1115 2102; x_wconf 71' lang='lat' dir='ltr'>Effuderunt</span> <span class='ocrx_word' id='word_1_316' title='bbox 1136 2063 1397 2113; x_wconf 77' lang='lat' dir='ltr'>sanguinem</span> <span class='ocrx_word' id='word_1_317' title='bbox 1423 2074 1572 2102; x_wconf 87' lang='lat' dir='ltr'>eorum</span> <span class='ocrx_word' id='word_1_318' title='bbox 1595 2062 1708 2101; x_wconf 88' lang='lat' dir='ltr'>sicut</span> <span class='ocrx_word' id='word_1_319' title='bbox 1728 2073 1866 2112; x_wconf 80' lang='lat' dir='ltr'>aquas</span> 
     </span>
     <span class='ocr_line' id='line_1_73' title="bbox 867 2138 1537 2191; baseline -0.001 -13"><span class='ocrx_word' id='word_1_320' title='bbox 867 2181 870 2184; x_wconf 18' lang='grc' dir='ltr'><strong>Δ</strong></span> <span class='ocrx_word' id='word_1_321' title='bbox 908 2138 986 2191; x_wconf 80' lang='lat' dir='ltr'>[in]</span> <span class='ocrx_word' id='word_1_322' title='bbox 1010 2140 1270 2179; x_wconf 86' lang='lat' dir='ltr'>circuitibus</span> <span class='ocrx_word' id='word_1_323' title='bbox 1293 2139 1537 2179; x_wconf 79' lang='lat' dir='ltr'>Jerusalem</span> 
     </span>
     <span class='ocr_line' id='line_1_74' title="bbox 907 2215 1470 2268; baseline -0.002 -13"><span class='ocrx_word' id='word_1_324' title='bbox 907 2221 947 2256; x_wconf 90' lang='lat' dir='ltr'>et</span> <span class='ocrx_word' id='word_1_325' title='bbox 970 2228 1056 2255; x_wconf 81' lang='lat' dir='ltr'>non</span> <span class='ocrx_word' id='word_1_326' title='bbox 1080 2215 1204 2268; x_wconf 82' lang='lat' dir='ltr'>[erat]</span> <span class='ocrx_word' id='word_1_327' title='bbox 1227 2216 1470 2267; x_wconf 83' lang='lat' dir='ltr'>sepeliens:</span> 
     </span>
    </p>
   </div>
   <div class='ocr_carea' id='block_1_13' title="bbox 854 2311 1919 2429">
    <p class='ocr_par' dir='ltr' id='par_1_22' title="bbox 854 2311 1919 2429">
     <span class='ocr_line' id='line_1_75' title="bbox 854 2311 1709 2363; baseline -0.002 -12"><span class='ocrx_word' id='word_1_328' title='bbox 854 2312 1018 2351; x_wconf 83' lang='lat' dir='ltr'>Sumus</span> <span class='ocrx_word' id='word_1_329' title='bbox 1038 2312 1325 2363; x_wconf 87' lang='lat' dir='ltr'>opprobrium</span> <span class='ocrx_word' id='word_1_330' title='bbox 1350 2311 1510 2350; x_wconf 76' lang='lat' dir='ltr'>vicinis</span> <span class='ocrx_word' id='word_1_331' title='bbox 1533 2311 1709 2358; x_wconf 86' lang='lat' dir='ltr'>nostris,</span> 
     </span>
     <span class='ocr_line' id='line_1_76' title="bbox 906 2387 1919 2429; baseline -0.002 -1"><span class='ocrx_word' id='word_1_332' title='bbox 906 2390 1054 2429; x_wconf 83' lang='lat' dir='ltr'>irrisio</span> <span class='ocrx_word' id='word_1_333' title='bbox 1076 2394 1118 2429; x_wconf 90' lang='lat' dir='ltr'>et</span> <span class='ocrx_word' id='word_1_334' title='bbox 1138 2389 1424 2428; x_wconf 78' lang='lat' dir='ltr'>subsannatio</span> <span class='ocrx_word' id='word_1_335' title='bbox 1446 2387 1708 2427; x_wconf 66' lang='lat' dir='ltr'>circuitibus</span> <span class='ocrx_word' id='word_1_336' title='bbox 1729 2387 1919 2426; x_wconf 78' lang='lat' dir='ltr'>nostris:</span> 
     </span>
    </p>
   </div>
   <div class='ocr_carea' id='block_1_14' title="bbox 851 2483 1848 2612">
    <p class='ocr_par' dir='ltr' id='par_1_23' title="bbox 851 2483 1848 2612">
     <span class='ocr_line' id='line_1_77' title="bbox 851 2483 1848 2535; baseline -0.004 -11"><span class='ocrx_word' id='word_1_337' title='bbox 851 2485 1104 2535; x_wconf 82' lang='lat' dir='ltr'>Usquequo,</span> <span class='ocrx_word' id='word_1_338' title='bbox 1129 2496 1152 2522; x_wconf 90' lang='lat' dir='ltr'>o</span> <span class='ocrx_word' id='word_1_339' title='bbox 1169 2485 1347 2529; x_wconf 67' lang='lat' dir='ltr'>Jehom,</span> <span class='ocrx_word' id='word_1_340' title='bbox 1368 2483 1571 2523; x_wconf 85' lang='lat' dir='ltr'>irasceris</span> <span class='ocrx_word' id='word_1_341' title='bbox 1592 2483 1639 2522; x_wconf 90' lang='lat' dir='ltr'>in</span> <span class='ocrx_word' id='word_1_342' title='bbox 1659 2494 1848 2533; x_wconf 81' lang='lat' dir='ltr'>semper,</span> 
     </span>
     <span class='ocr_line' id='line_1_78' title="bbox 904 2560 1664 2612; baseline -0.004 -11"><span class='ocrx_word' id='word_1_343' title='bbox 904 2563 1171 2602; x_wconf 76' lang='lat' dir='ltr'>accendetur</span> <span class='ocrx_word' id='word_1_344' title='bbox 1192 2561 1301 2601; x_wconf 86' lang='lat' dir='ltr'>sicut</span> <span class='ocrx_word' id='word_1_345' title='bbox 1325 2561 1441 2612; x_wconf 80' lang='lat' dir='ltr'>ignis</span> <span class='ocrx_word' id='word_1_346' title='bbox 1463 2561 1526 2599; x_wconf 84' lang='lat' dir='ltr'>ira</span> <span class='ocrx_word' id='word_1_347' title='bbox 1549 2565 1620 2599; x_wconf 86' lang='lat' dir='ltr'>tua</span> <span class='ocrx_word' id='word_1_348' title='bbox 1643 2560 1664 2598; x_wconf 71' lang='grc' dir='ltr'>ἵ)</span> 
     </span>
    </p>
   </div>
   <div class='ocr_carea' id='block_1_15' title="bbox 853 2720 1985 2857">
    <p class='ocr_par' dir='ltr' id='par_1_24' title="bbox 853 2720 1985 2857">
     <span class='ocr_line' id='line_1_79' title="bbox 1402 2720 1982 2792; baseline -0.005 -10"><span class='ocrx_word' id='word_1_349' title='bbox 1402 2720 1435 2758; x_wconf 75' lang='lat' dir='ltr'>H</span> <span class='ocrx_word' id='word_1_350' title='bbox 1801 2739 1921 2792; x_wconf 86' lang='lat' dir='ltr'>[cunt</span> <span class='ocrx_word' id='word_1_351' title='bbox 1943 2745 1982 2779; x_wconf 85' lang='lat' dir='ltr'>te</span> 
     </span>
     <span class='ocr_line' id='line_1_80' title="bbox 853 2808 1985 2857; baseline -0.004 -9"><span class='ocrx_word' id='word_1_352' title='bbox 853 2809 1035 2848; x_wconf 83' lang='lat' dir='ltr'>Essunde</span> <span class='ocrx_word' id='word_1_353' title='bbox 1068 2809 1181 2847; x_wconf 83' lang='lat' dir='ltr'>iram</span> <span class='ocrx_word' id='word_1_354' title='bbox 1211 2813 1331 2848; x_wconf 87' lang='lat' dir='ltr'>tuam</span> <span class='ocrx_word' id='word_1_355' title='bbox 1366 2808 1412 2847; x_wconf 91' lang='lat' dir='ltr'>in</span> <span class='ocrx_word' id='word_1_356' title='bbox 1445 2812 1596 2857; x_wconf 87' lang='lat' dir='ltr'>gentes</span> <span class='ocrx_word' id='word_1_357' title='bbox 1630 2817 1742 2857; x_wconf 87' lang='lat' dir='ltr'>quae</span> <span class='ocrx_word' id='word_1_358' title='bbox 1774 2816 1861 2844; x_wconf 91' lang='lat' dir='ltr'>non</span> <span class='ocrx_word' id='word_1_359' title='bbox 1884 2816 1985 2844; x_wconf 90' lang='lat' dir='ltr'>nos-</span> 
     </span>
    </p>
   </div>
   <div class='ocr_carea' id='block_1_16' title="bbox 905 2887 1983 2936">
    <p class='ocr_par' dir='ltr' id='par_1_25' title="bbox 905 2887 1983 2936">
     <span class='ocr_line' id='line_1_81' title="bbox 905 2887 1983 2936; baseline -0.006 -11"><span class='ocrx_word' id='word_1_360' title='bbox 905 2891 943 2925; x_wconf 85' lang='lat' dir='ltr'>et</span> <span class='ocrx_word' id='word_1_361' title='bbox 975 2897 1109 2936; x_wconf 87' lang='lat' dir='ltr'>super</span> <span class='ocrx_word' id='word_1_362' title='bbox 1130 2896 1263 2936; x_wconf 87' lang='lat' dir='ltr'>regna</span> <span class='ocrx_word' id='word_1_363' title='bbox 1299 2896 1410 2935; x_wconf 79' lang='lat' dir='ltr'>quae</span> <span class='ocrx_word' id='word_1_364' title='bbox 1444 2896 1518 2934; x_wconf 84' lang='lat' dir='ltr'>per</span> <span class='ocrx_word' id='word_1_365' title='bbox 1549 2894 1712 2922; x_wconf 87' lang='lat' dir='ltr'>nomen</span> <span class='ocrx_word' id='word_1_366' title='bbox 1746 2887 1871 2921; x_wconf 87' lang='lat' dir='ltr'>tuum</span> <span class='ocrx_word' id='word_1_367' title='bbox 1894 2891 1983 2920; x_wconf 90' lang='lat' dir='ltr'>non</span> 
     </span>
    </p>
   </div>
   <div class='ocr_carea' id='block_1_17' title="bbox 852 2945 1985 3029">
    <p class='ocr_par' dir='ltr' id='par_1_26' title="bbox 852 2945 1985 3029">
     <span class='ocr_line' id='line_1_82' title="bbox 852 2945 1985 3029; baseline -0.015 -10"><span class='ocrx_word' id='word_1_368' title='bbox 852 2980 957 3026; x_wconf 86' lang='lat' dir='ltr'>Quia</span> <span class='ocrx_word' id='word_1_369' title='bbox 980 2979 1169 3018; x_wconf 78' lang='lat' dir='ltr'>eomedit</span> <span class='ocrx_word' id='word_1_370' title='bbox 1190 2978 1323 3017; x_wconf 86' lang='lat' dir='ltr'>Jacob</span> <span class='ocrx_word' id='word_1_371' title='bbox 1346 2976 1569 3029; x_wconf 70' lang='lat' dir='ltr'>[quisque]</span> <span class='ocrx_word' id='word_1_372' title='bbox 1737 2945 1985 2997; x_wconf 64' lang='lat' dir='ltr'>[¹¹1V003m2</span> 
     </span>
    </p>
   </div>
   <div class='ocr_carea' id='block_1_18' title="bbox 853 3051 1979 3352">
    <p class='ocr_par' dir='ltr' id='par_1_27' title="bbox 904 3051 1729 3105">
     <span class='ocr_line' id='line_1_83' title="bbox 904 3051 1729 3105; baseline -0.002 -12"><span class='ocrx_word' id='word_1_373' title='bbox 904 3061 941 3093; x_wconf 87' lang='lat' dir='ltr'>et</span> <span class='ocrx_word' id='word_1_374' title='bbox 967 3055 1282 3094; x_wconf 81' lang='lat' dir='ltr'>habitationem</span> <span class='ocrx_word' id='word_1_375' title='bbox 1307 3055 1400 3105; x_wconf 86' lang='lat' dir='ltr'>ejus</span> <span class='ocrx_word' id='word_1_376' title='bbox 1422 3051 1729 3093; x_wconf 79' lang='lat' dir='ltr'>vastaverunt!</span> 
     </span>
    </p>

    <p class='ocr_par' dir='ltr' id='par_1_28' title="bbox 853 3146 1979 3352">
     <span class='ocr_line' id='line_1_84' title="bbox 853 3146 1979 3198; baseline -0.004 -10"><span class='ocrx_word' id='word_1_377' title='bbox 853 3150 912 3189; x_wconf 78' lang='lat' dir='ltr'>Ne</span> <span class='ocrx_word' id='word_1_378' title='bbox 930 3149 1188 3188; x_wconf 88' lang='lat' dir='ltr'>memineris</span> <span class='ocrx_word' id='word_1_379' title='bbox 1210 3149 1335 3188; x_wconf 85' lang='lat' dir='ltr'>nobis</span> <span class='ocrx_word' id='word_1_380' title='bbox 1359 3148 1645 3198; x_wconf 82' lang='lat' dir='ltr'>iniquitatum</span> <span class='ocrx_word' id='word_1_381' title='bbox 1666 3146 1979 3197; x_wconf 83' lang='lat' dir='ltr'>antiquarum:</span> 
     </span>
     <span class='ocr_line' id='line_1_85' title="bbox 906 3223 1976 3275; baseline -0.002 -12"><span class='ocrx_word' id='word_1_382' title='bbox 906 3225 1077 3271; x_wconf 74' lang='lat' dir='ltr'>festina,</span> <span class='ocrx_word' id='word_1_383' title='bbox 1104 3225 1389 3275; x_wconf 76' lang='lat' dir='ltr'>praeveniant</span> <span class='ocrx_word' id='word_1_384' title='bbox 1411 3236 1489 3263; x_wconf 85' lang='lat' dir='ltr'>nos</span> <span class='ocrx_word' id='word_1_385' title='bbox 1514 3223 1841 3263; x_wconf 84' lang='lat' dir='ltr'>misericordiae</span> <span class='ocrx_word' id='word_1_386' title='bbox 1862 3226 1976 3269; x_wconf 82' lang='lat' dir='ltr'>tuae,</span> 
     </span>
     <span class='ocr_line' id='line_1_86' title="bbox 903 3299 1538 3352; baseline 0 -13"><span class='ocrx_word' id='word_1_387' title='bbox 903 3301 1006 3352; x_wconf 84' lang='lat' dir='ltr'>quia</span> <span class='ocrx_word' id='word_1_388' title='bbox 1030 3302 1180 3341; x_wconf 87' lang='lat' dir='ltr'>miseri</span> <span class='ocrx_word' id='word_1_389' title='bbox 1203 3313 1358 3341; x_wconf 85' lang='lat' dir='ltr'>sumus</span> <span class='ocrx_word' id='word_1_390' title='bbox 1381 3302 1506 3340; x_wconf 86' lang='lat' dir='ltr'>valde</span> <span class='ocrx_word' id='word_1_391' title='bbox 1530 3299 1538 3339; x_wconf 77' lang='lat' dir='ltr'>l</span> 
     </span>
    </p>
   </div>
  </div>
 </body>
</html>
