2243 3568
336 297 390 331 12.
411 297 491 331 Non
515 296 645 330 veniat
666 294 759 328 milii
782 304 848 339 pes

287 344 480 389 superbize
499 354 506 385 ;
524 343 589 377 *et
614 352 753 376 manus
767 352 851 386 pec-

287 391 430 426 catoris
453 400 529 424 non
554 391 704 424 moveat
726 399 799 423 me.

336 438 391 472 13.
428 437 481 471 lbi
521 436 748 472 ceciderunt
781 436 847 481 qui

286 487 499 529 operantur
528 483 776 528 iniquitatem
797 494 805 525 ;
828 482 848 501 ³³

286 531 438 577 expulsi
468 534 575 570 sunt,
612 541 680 565 uec
711 534 848 575 potue-

286 582 379 614 runt
398 582 515 613 stare.

1069 169 1276 210 -96-

926 297 1012 333 Non
1035 294 1297 345 superveniat
1318 292 1420 333 mitti
1440 296 1512 345 pes'
1527 292 1741 345 superbiae

975 364 1013 397 et
1034 369 1181 397 vitemus
1204 356 1405 398 malorum
1426 369 1476 397 ne
1492 358 1633 409 litqere
1647 359 1777 409 saciat
1795 370 1853 398 me
1871 370 1883 398 :

925 526 983 567 lbi
1000 526 1155 567 carlum
1173 528 1349 580 sectores
1372 531 1626 582 iniquitati&

974 591 1247 645 impellantur
1263 599 1300 633 et
1319 605 1404 632 'non
1425 600 1595 645 possunt
1615 605 1841 646 resurgere.

1569 789 1800 833 PSAUME
1832 788 2053 833 XXXVII.

366 941 419 976 La
439 937 627 976 sanction
648 935 694 975 de
714 936 753 975 la
774 935 828 975 lei
850 934 896 976 de
928 935 1077 976 l'ahvelz
1098 948 1110 976 :
1134 937 1252 977 Beati
1278 937 1404 977 mites
1427 937 1637 988 quoniam
1661 937 1745 988 ipsi
1766 936 2057 988 possidebunt

285 1007 461 1049 terram,
497 1000 529 1041 le
556 1001 662 1054 juste
694 1014 783 1041 sera
819 1001 1011 1049 bearetur,
1050 1002 1187 1042 tondis
1223 1014 1298 1055 que
1329 1001 1516 1042 C'ltomme
1550 1000 1703 1042 violem
1741 1013 1833 1041 sera
1866 1001 2052 1041 αηόαηῑῑ.

338 1144 528 1184 XXXVI.
569 1166 619 1172 —-
658 1145 850 1184 PSALMUS

289 1209 366 1236 IPSt
390 1198 536 1237 mvn).

333 1286 416 1321 Noli
451 1286 628 1321 zemulari
661 1286 699 1321 in
737 1287 850 1321 mali—

285 1333 528 1378 gnantibus3
552 1333 571 1352 ³*
603 1344 727 1379 neque
749 1334 850 1370 zela-

288 1381 391 1415 veris
441 1381 628 1416 iacientes
662 1381 849 1427 iniquita—

288 1430 376 1463 tem.

332 1475 365 1510 2.
378 1475 565 1518 Quoniam
585 1478 769 1521 tanquam
785 1476 852 1511 foe-

286 1532 377 1556 uum
402 1522 587 1557 velociter
604 1526 784 1558 arescent
805 1534 812 1565 ;
831 1524 850 1542 *

284 1571 322 1605 et
372 1570 696 1614 quemadmodum
745 1570 849 1606 olera

286 1616 493 1652 herbarum
516 1619 594 1652 cito
614 1617 809 1654 decident.

331 1664 365 1698 3.
389 1664 508 1709 Spera
546 1664 584 1698 in
612 1665 787 1703 Domino,
811 1668 849 1701 et

288 1712 344 1746 tac
367 1711 605 1753 bonitatem
628 1711 643 1722 ⁴
681 1715 718 1747 et
743 1712 848 1747 inha-

285 1758 365 1793 bita
390 1761 547 1797 terram,
562 1761 599 1794 et
622 1759 793 1804 pasceris
810 1759 848 1794 in

285 1805 438 1841 divitiis
460 1803 560 1850 ejus,

333 1853 365 1886 4.
385 1852 581 1887 Delectare
597 1853 633 1887 in
655 1853 849 1894 Domino?

286 1902 321 1934 et
368 1899 476 1934 dabit
517 1900 587 1935 tibi
638 1900 849 1945 petitiones

285 1946 414 1981 cordis
439 1946 508 1981 tui.

331 1994 364 2028 5.
391 1994 528 2028 Revela
554 1994 715 2029 Domino
748 1995 847 2030 viam

287 2043 406 2076 tuam.
430 2044 467 2075 et
490 2051 602 2086 spera
626 2041 662 2075 in
686 2052 742 2079 eo,
766 2043 785 2061 ³·
812 2045 846 2077 et

285 2086 366 2132 ipse
391 2088 516 2122 saciet.

331 2136 365 2167 ti.
387 2136 423 2169 tit
440 2136 577 2170 educet
590 2136 700 2179 quasi
716 2136 847 2171 lumen

282 2180 478 2227 justitiam
510 2186 628 2222 tuam,
667 2186 703 2218 et
741 2181 847 2228 J’udi—

285 2229 387 2264 cium
411 2232 521 2264 tuum
553 2233 735 2274 tanquam
767 2242 846 2266 me-

287 2276 448 2316 ridiem:
473 2277 486 2292 *

355 2324 388 2359 7.
426 2323 617 2359 subditus
659 2328 743 2359 esto
781 2326 843 2359 lior

287 2371 404 2408 mino,
443 2374 476 2405 et
521 2381 588 2406 ora
618 2382 719 2406 eum.
762 2373 845 2406 Noli

284 2418 461 2452 wmulari
496 2418 531 2452 iu
567 2430 610 2453 eo
640 2419 705 2463 qui
736 2430 846 2464 pros-

287 2469 445 2509 peratur
463 2465 500 2499 iu
518 2465 578 2499 via
595 2476 664 2501 sua
678 2466 697 2485 θ
715 2466 752 2500 iu
776 2467 844 2501 lio—

287 2512 389 2546 miue
417 2513 581 2547 faciente
610 2511 844 2557 injustitias.

331 2563 364 2593 N.
393 2560 530 2594 ltesine
557 2560 604 2594 ab
633 2560 701 2599 ira,
725 2564 762 2596 et
784 2562 844 2597 de-

287 2606 462 2651 relinque
492 2609 684 2646 t'urorem:
715 2610 732 2626 '³‘
766 2609 844 2643 noli

285 2653 462 2687 wmulari
490 2657 529 2688 ut
554 2655 795 2699 maliguerIS.

331 2702 364 2733 tt.
413 2701 600 2742 Quoniam
641 2702 705 2746 qui
738 2703 846 2737 mali-

285 2749 473 2789 gnantur.
520 2749 844 2785 exterminabun-

288 2797 351 2827 tur
376 2804 383 2830 :
407 2794 426 2812 ²³
449 2795 694 2829 sustinentes
715 2800 844 2831 autem

291 2841 508 2876 ltomiuum.
535 2842 606 2886 ipsi
637 2843 846 2879 11:1=re‹tita—

287 2887 380 2921 bunt
409 2891 562 2922 terram.

337 2935 389 2968 lt).
417 2935 457 2969 tit
486 2936 610 2970 adluu-
645 2938 844 2981 pusillum.

286 2984 320 3015 et
346 2992 420 3015 non
441 2982 513 3017 erit
538 2987 733 3027 peccator:
779 2989 783 2992 “
811 2988 847 3020 et

285 3038 438 3072 ‹puer-es
459 3029 582 3063 locum
597 3028 695 3074 ejus,
711 3034 744 3066 et
771 3043 845 3066 nou

287 3085 477 3110 mvemes.

926 1281 950 1309 N

926 1908 938 1937 J

923 2895 932 2922 l

1284 1146 1419 1184 DAvn)
1449 1143 1696 1196 [PsALMUSL

1008 1270 1068 1309 Ne
1090 1268 1294 1309 irasceris
1316 1273 1467 1309 contra
1493 1268 1801 1319 malignantes,

1059 1345 1114 1373 ne
1136 1334 1345 1373 zelaveris
1361 1339 1514 1374 contra
1531 1333 1740 1373 iacientes
1757 1332 2054 1384 iniquitatem:

1006 1400 1222 1447 Quoniam
1250 1405 1293 1438 ut
1311 1399 1489 1439 foenum
1506 1399 1715 1439 velociter
1729 1399 1970 1439 caedentur
1992 1398 2053 1448 (²),

1059 1469 1100 1504 et
1122 1470 1167 1504 ut
1190 1464 1391 1504 viriditas
1413 1465 1574 1504 herbae
1595 1469 1807 1504 arescent.

1006 1584 1140 1634 Spera
1164 1583 1209 1623 in
1230 1584 1392 1623 Jehova
1415 1588 1456 1624 et
1485 1583 1549 1623 tac
1573 1583 1760 1622 bonum:

1058 1649 1255 1688 inhabita
1297 1653 1485 1696 terrain,
1531 1653 1571 1689 et
1614 1648 1808 1699 pascaris
1838 1647 2058 1699 aequitate

1007 1714 1055 1753 Et
1075 1715 1217 1764 gaude
1244 1714 1288 1753 in
1308 1714 1487 1761 sebove,

1057 1783 1099 1818 et
1119 1779 1240 1818 dabit
1264 1779 1344 1819 tihi
1364 1779 1598 1829 petitiones
1620 1779 1765 1819 cordis
1789 1779 1867 1818 tui.

1007 1897 1192 1937 Devolve
1213 1909 1346 1948 super
1365 1898 1574 1937 Jeliovam
1599 1898 1715 1937 viam
1742 1902 1860 1937 tuam

1033 1951 1037 1954 ’
1057 1966 1097 2000 et
1120 1973 1244 2012 spera
1268 1962 1314 2000 in
1336 1974 1399 2003 eo.
1424 1967 1465 2002 et
1481 1962 1573 2013 ipse
1594 1967 1707 2013 aget,

1005 2027 1051 2065 Et
1076 2026 1182 2065 oriri
1212 2026 1339 2066 faciet
1361 2027 1487 2077 quasi
1517 2028 1669 2066 lumen
1692 2027 1911 2078 justitiam
1936 2031 2054 2066 tuam

1057 2096 1097 2130 et
1117 2091 1187 2141 jus
1207 2096 1330 2131 tuum
1357 2096 1565 2142 tanquam
1590 2091 1840 2131 meridiem.

1004 2209 1093 2248 Sile
1112 2214 1212 2249 ante
1232 2210 1442 2249 Jeliovam
1466 2215 1507 2249 et
1530 2221 1655 2260 spera
1677 2211 1723 2249 in
1740 2222 1840 2250 eum

1482 2266 1757 2320 [prosperare
1773 2269 1887 2308 viam
1911 2280 2051 2316 suani,

1005 2333 1064 2372 Ne
1106 2333 1386 2383 temetipsum
1428 2335 1591 2373 excites
1632 2339 1781 2374 contra
1820 2334 2051 2374 facientem

1055 2403 1205 2437 eontra
1232 2399 1451 2438 hominem
1477 2399 1709 2439 facientem
1728 2399 1930 2439 astutias.

1006 2517 1162 2556 Desine
1179 2517 1232 2556 ab
1256 2518 1319 2556 ira
1343 2522 1384 2557 et
1405 2518 1664 2568 derelinque
1687 2518 1896 2565 furorem,

1056 2594 1108 2621 ne
1131 2582 1351 2630 irascaris,
1378 2584 1520 2623 solum
1543 2585 1596 2623 ad
1621 2584 2015 2631 malefaciendum3

1002 2647 1214 2694 Quoniam
1242 2647 1566 2688 malefacientes
1582 2649 1866 2688 destruentur

1055 2713 1159 2751 dum
1184 2717 1465 2762 expectantes
1491 2713 1700 2752 Jeliovam
1736 2713 1821 2764 ipsi
1859 2713 2049 2764 posside—

1721 2776 1849 2823 [hunt
1872 2782 2049 2818 terram.

1002 2883 1047 2921 Et
1080 2884 1224 2923 atlliuc
1247 2883 1473 2934 pusillum,
1499 2890 1538 2924 et
1560 2896 1647 2924 non
1670 2885 1752 2925 erit
1774 2889 1988 2935 peccator,

1055 2952 1103 2989 et.
1119 2950 1316 2987 attendes
1345 2950 1395 2987 ad
1433 2950 1576 2989 locum
1598 2951 1706 3000 ems,
1726 2955 1765 2989 et
1785 2960 1871 2988 uon
1894 2949 1975 2989 erit
1999 2949 2048 2987 is.

1004 3012 1111 3050 Dum
1137 3013 1356 3052 mansueti
1381 3014 1667 3064 possidebunt
1690 3019 1868 3054 terram.

1053 3081 1091 3115 et
1108 3077 1361 3126 gaudebunt
1376 3079 1895 3128 proptermultitudinem
1915 3079 2046 3129 pacis.

348 3202 390 3240 (t)
414 3202 587 3242 Quelqucs
607 3204 852 3242 irregularites
875 3206 917 3236 de
945 3208 1164 3249 strophique‚
1195 3211 1367 3250 quelques
1391 3220 1472 3242 vers
1494 3213 1699 3251 manquent,
1719 3212 1873 3243 d’autres
1905 3213 1983 3243 sont
2008 3220 2049 3243 en

286 3244 375 3282 trop,
400 3252 469 3273 aux
492 3244 654 3283 strophes
676 3244 810 3280 daleth,
846 3247 947 3285 capse,
981 3256 1073 3286 nun,
1105 3250 1213 3289 qoph,
1248 3250 1356 3289 tham
1386 3254 1474 3283 mais
1506 3261 1564 3283 ces
1596 3253 1845 3292 irregularites
1873 3255 1953 3285 sont
1981 3261 2047 3293 peu

286 3285 528 3322 nombreuses,
548 3288 581 3316 et
600 3286 621 3315 il
643 3288 696 3317 est
721 3288 909 3319 temerati-e
929 3291 1053 3320 autant
1075 3293 1262 3330 qu'inutile.
1282 3294 1459 3333 d’essayer
1477 3294 1519 3325 de
1540 3294 1589 3324 les
1606 3295 1776 3332 corrigar.
