2243 3568
243 314 299 350 10.
321 314 409 349 Ideo
427 313 679 348 convertetur
695 319 756 354 po-

195 362 312 408 pulus
333 369 443 395 meus
464 360 526 394 hic
547 370 554 393 ε
578 358 598 377 *
617 360 655 392 et
674 357 759 392 dies

195 409 300 454 pleni
322 406 577 442 invenientur
606 405 645 439 in
679 404 753 439 eis.

245 455 299 489 11.
325 456 369 489 Et
404 454 621 489 dixerunt:
657 452 760 495 Quo—

196 503 308 538 modo
335 501 410 537 scit
457 502 571 537 Deus,
595 499 614 519 ''¹“
650 502 688 534 et
727 498 759 533 si

196 552 255 585 est
277 549 442 585 scientia
465 549 504 582 in
527 544 715 582 excelso?

245 597 300 632 12.
320 597 413 631 Ecce
430 595 505 641 ipsi
521 597 759 640 peccatores,

197 647 234 680 et
255 644 504 679 abundantes
522 643 560 676 in
578 640 761 679 saecula*

197 692 457 727 obtinuerunt
478 689 653 726 divitias.

244 738 302 774 13.
326 741 365 773 Μ
388 738 470 773 dixi
496 749 503 772 ε
544 738 641 782 Ergo
675 736 762 771 sine

197 796 315 822 causa
391 783 619 837 justificavi
695 793 761 817 cor

198 844 340 873 meum.
382 835 403 852 ἦ
453 835 491 867 et
545 831 621 866 lavi
657 831 779 865 inter‘

199 881 430 916 innocentes
458 889 598 914 manus
626 888 759 913 meas:

246 928 302 963 14.
345 928 389 963 Et
446 927 501 962 tui
538 926 761 971 flagellatus

198 978 278 1010 tota
319 975 394 1014 die,
419 975 437 994 ³⁶
472 977 509 1009 et
552 972 761 1018 castigatio

195 1032 280 1057 mea
302 1022 341 1057 in
372 1021 594 1057 matutinis.

243 1070 300 1105 15.
325 1070 364 1105 si
391 1069 568 1105 dicebam
592 1079 598 1102 :
620 1068 761 1102 Narra—

197 1117 245 1152 bo
282 1117 406 1160 sic;·²'²·
440 1127 527 1151 ecce
562 1115 759 1150 nationem

196 1164 369 1199 filiorum
419 1166 575 1198 tuorum
628 1172 761 1207 repro-

196 1211 298 1247 bavi.

243 1258 297 1294 16.
322 1258 603 1293 Existimabam
626 1260 668 1291 ut
697 1267 760 1291 co-

196 1316 427 1351 gnoscerem
470 1305 553 1346 hoc,
592 1306 611 1325 *
654 1304 761 1339 labor

197 1356 257 1388 est
275 1356 366 1388 ante
384 1363 466 1387 me:

246 1400 301 1435 17.
355 1401 481 1435 Donec
528 1400 670 1433 intrem
722 1399 759 1432 in

198 1448 467 1483 sanctuarium
495 1447 580 1481 Dei:
605 1447 624 1465 ‘³‘
646 1449 683 1481 et
701 1446 761 1480 in—

199 1495 372 1540 telligam
432 1495 470 1529 in
534 1491 762 1528 novissimis

198 1553 332 1577 eorum

249 1590 301 1624 18.
315 1589 589 1624 Verumtamen
605 1591 762 1633 propter

197 1636 307 1672 dolos
328 1636 495 1681 posuisti
513 1636 569 1670 eis
591 1647 597 1670 z
618 1638 637 1656 ἦ
655 1633 762 1680 deje—

197 1684 286 1718 cisti
300 1694 365 1719 eos
377 1684 760 1719 dumallevarentur.

246 1731 301 1766 19.
324 1731 521 1774 Quomodo
554 1731 644 1765 facti
667 1732 762 1765 sunt

199 1778 237 1812 in
277 1778 574 1817 desolationem,
630 1777 763 1812 subito

199 1825 449 1860 deiecerunt:
491 1826 510 1844 ’⁶
585 1825 762 1859 erierunt

200 1875 358 1917 propter
372 1835 620 1917 iniquitaslgm
635 1882 760 1906 suam.

246 1920 302 1953 20.
333 1920 445 1954 Velut
461 1919 655 1953 somnium
673 1929 762 1953 sur—

199 1967 392 2012 gentium.
442 1967 613 2003 Domine,
652 1966 671 1984 *
725 1966 761 1999 in

200 2014 359 2048 civitate
417 2017 481 2048 tua
553 2013 761 2057 imaginem

201 2061 375 2106 ipsorum
402 2061 449 2096 ad
487 2061 653 2095 nihilum
702 2071 763 2094 re—

200 2108 324 2153 diges.

246 2156 306 2190 ⁶21.
343 2155 438 2198 Quia
478 2155 762 2189 inflammatum

201 2205 260 2237 est
300 2212 365 2237 cor
400 2213 541 2243 meum,
574 2205 612 2236 et
649 2212 763 2236 renes

201 2249 274 2284 mei
297 2249 525 2284 commutati
545 2252 639 2284 sunt
658 2261 664 2283 :

247 2297 304 2331 22.
327 2297 371 2331 Et
404 2307 474 2341 ego
513 2297 561 2331 ad
596 2296 762 2331 nihilum

201 2344 382 2379 redactus
404 2354 505 2383 sum,
541 2346 578 2378 et
600 2344 761 2379 nescivi.

246 2391 291 2425 ⁶23
329 2391 377 2425 Ut
396 2389 618 2436 jumentum
638 2391 764 2426 factus

200 2447 287 2472 sum
332 2439 435 2483 apud
467 2441 533 2473 te:
572 2438 590 2456 ³³
624 2442 661 2473 et
694 2449 764 2483 ego

200 2495 352 2530 semper
372 2488 511 2520 tecum.

246 2532 304 2566 ⁶24.
357 2533 533 2568 Tenuisti
605 2543 763 2567 manum

201 2579 401 2614 dexteram
425 2591 547 2615 meam
570 2583 607 2615 et
635 2581 673 2614 in
697 2591 764 2614 vo-

203 2626 354 2661 luntate
369 2630 432 2662 tua
451 2627 649 2663 deduxisti
667 2627 765 2665 mes*

202 2676 239 2708 et
270 2684 356 2708 cum
391 2674 514 2719 gloria
553 2675 763 2719 suscepisti

202 2730 274 2755 me.

250 2767 306 2802 25.
327 2767 427 2810 Quid
452 2768 555 2802 enim
590 2768 682 2802 mihi
706 2772 765 2803 est

203 2814 243 2848 in
259 2812 393 2849 coelo?
424 2816 443 2834 *
483 2818 519 2850 et
541 2826 561 2850 a
603 2819 638 2849 te
670 2816 764 2860 quid

203 2861 306 2895 volui
327 2870 444 2906 super
464 2865 605 2897 terram
630 2861 648 2896 ἰ’

248 2908 305 2943 ⁶26.
333 2909 474 2943 Deiecit
498 2919 587 2943 caro
609 2920 704 2945 mea.
728 2913 766 2945 et

202 2964 267 2989 cor
288 2965 416 2989 meum
435 2967 441 2989 :
466 2956 485 2974 ³³·
515 2957 614 2990 Deus
636 2957 765 2991 cordis

203 3002 296 3042 mei,
317 3005 354 3036 et
377 3012 466 3046 pars
492 3013 572 3037 mea
604 3003 702 3037 Deus
727 3004 764 3037 in

202 3052 409 3083 aeternum.

248 3096 305 3129 27.
330 3096 426 3139 Quia
449 3106 548 3135 ecce,
572 3097 636 3141 qui
661 3097 763 3131 elon—

204 3145 299 3187 gant
320 3152 361 3177 se
382 3153 402 3177 a
431 3146 479 3183 te,
510 3144 694 3187 peribunt
716 3156 722 3178 :
747 3145 766 3164 *

205 3190 410 3234 perdidisti
435 3201 570 3225 omnes
601 3191 665 3235 qui
690 3192 766 3225 tor-

206 3236 390 3271 nicantur
416 3237 485 3271 abs
510 3240 557 3272 te.

959 183 1195 223 —198—

1383 307 1417 346 ΙΙ

834 404 934 444 Ideo
954 404 1056 443 facit
1077 407 1331 443 convertere
1353 402 1566 453 populum
1595 413 1723 441 suum
1746 402 1832 441 huc

889 475 929 509 et
946 480 1085 520 aquae
1105 468 1397 519 plenitudinis
1418 467 1708 506 inveniuntur
1730 456 1818 506 eis:

837 546 944 585 Nam
969 547 1145 585 dicunt:
1172 545 1432 595 «quomodo
1455 544 1537 583 scit
1558 545 1686 590 Deus,

892 626 910 649 »
942 617 983 651 et
1006 610 1263 663 [quomodo]
1287 615 1351 650 est
1373 610 1553 649 scientia
1578 609 1622 648 in
1646 609 1858 649 Excelso?

839 702 857 727 »
889 690 995 729 Ecce
1017 689 1092 728 isti
1115 690 1253 741 [sunt]
1273 692 1538 739 peccatoreS,
1662 691 1781 739 [nam
1805 697 1929 725 suam
1955 696 1963 733 ς

892 767 910 791 ))
943 759 1088 793 tamen
1121 753 1399 793 abundantes
1430 752 1604 800 mundi,
1637 755 1801 802 augent
1829 751 1967 790 tortu-

839 845 873 870 ι).
889 832 1087 871 Profecto
1109 831 1155 870 in
1172 842 1335 870 vanum
1359 841 1521 881 purum
1544 829 1663 868 tenui
1687 839 1761 868 cor
1781 839 1930 867 meum

891 910 909 935 ))
941 903 982 937 et
999 897 1087 936 lavi
1108 896 1155 935 in
1178 896 1430 935 innocentia
1455 906 1612 934 manus
1634 905 1754 933 meas
1776 907 1784 932 ε

838 988 856 1013 >)
891 974 1000 1026 [Fui]
1024 980 1171 1014 tamen
1194 972 1440 1023 flagellatus
1462 977 1548 1011 tota
1577 971 1647 1011 die

894 1054 908 1077 υ
942 1045 982 1079 et
1004 1039 1233 1090 castigatio
1255 1049 1350 1077 mea
1378 1037 1496 1088 [tuit]
1517 1038 1569 1076 de
1591 1035 1840 1075 matutinis.
1865 1046 1884 1071 »

838 1118 882 1157 Si
896 1117 1109 1156 dixissem
1124 1130 1132 1155 :
1149 1128 1167 1152 «
1180 1116 1338 1166 loquar
1350 1115 1463 1154 sicut
1476 1114 1547 1153 isti
1561 1113 1569 1153 l
1585 1125 1604 1150 ))
1645 1112 1745 1164 [tide
1759 1112 1962 1163 egissem.

889 1194 986 1222 ecce
1008 1183 1054 1221 in
1076 1181 1406 1232 generationem
1446 1180 1636 1231 tiliorum
1662 1183 1839 1217 tuorum
1874 1188 1965 1228 per-

1378 1294 1435 1332 III

837 1399 886 1437 Et
908 1398 1145 1437 meditatus
1164 1408 1262 1435 sum
1286 1396 1336 1435 ad
1368 1394 1598 1435 sciendum
1626 1393 1753 1439 illud,

890 1464 963 1502 sed
988 1463 1111 1502 labor
1133 1463 1214 1501 hoc
1235 1459 1351 1511 [tuit]
1370 1461 1416 1499 in
1438 1460 1578 1499 oculis
1601 1459 1725 1505 meis:

837 1540 982 1579 Donec
1000 1539 1162 1579 fuerim
1186 1538 1415 1588 ingressus
1437 1537 1482 1575 in
1503 1534 1752 1575 sanctuaria
1777 1534 1866 1582 Dei.

889 1603 962 1652 [et]
991 1604 1314 1644 intellexissem
1338 1602 1507 1642 exitum
1528 1612 1698 1640 eorum.

836 1683 959 1722 Certe
981 1693 1114 1733 super
1136 1681 1305 1720 lubrica
1330 1680 1456 1731 ponis
1479 1691 1566 1725 eos,

890 1748 997 1787 lacis
1014 1760 1086 1787 eos
1108 1748 1263 1786 cadere
1284 1746 1330 1785 in
1353 1745 1531 1784 ruinas:

837 1826 1063 1873 Quomodo
1086 1825 1197 1863 fiunt
1218 1825 1262 1863 in
1280 1823 1596 1863 desolationem
1621 1820 1767 1860 subito
1826 1816 1967 1869 [busll

890 1889 1122 1937 tiniuntur,
1159 1882 1485 1928 consumuntur
1507 1888 1559 1926 de
1582 1885 1826 1936 repentinis
1845 1882 1968 1935 [casi-

839 1968 961 2007 Sicut
983 1967 1206 2005 somnium
1231 1966 1284 2004 ab
1306 1965 1598 2015 evangilando

891 2044 914 2071 0
959 2031 1156 2077 Domine,
1203 2031 1248 2069 in
1291 2028 1677 2080 exspeigiscendo,
1725 2026 1967 2076 imaginem

1502 2092 1670 2144 [eorum
1693 2091 1940 2131 contemnis
1959 2103 1967 2129 :

838 2177 1019 2224 Quando
1042 2175 1218 2214 acidum
1242 2172 1371 2212 fiebat
1392 2184 1466 2211 cor
1489 2181 1637 2210 meum

892 2247 932 2281 et
951 2241 1132 2280 renibus
1156 2239 1266 2278 meis
1288 2237 1526 2283 cruciarer,

839 2319 958 2357 Tunc
979 2330 1057 2369 ego
1073 2314 1226 2369 [cram]
1250 2316 1405 2355 brutus
1427 2318 1468 2354 et
1486 2325 1571 2352 non
1594 2311 1913 2361 intelligebam,

894 2381 974 2435 [ut]
997 2384 1193 2434 jumenta
1217 2393 1336 2421 eram
1370 2385 1528 2420 tecum.

1378 2494 1428 2533 lV

841 2601 1022 2664 Sed-ego
1047 2609 1222 2648 semper
1244 2602 1406 2643 tecum,

893 2670 989 2704 tene
1013 2676 1088 2715 per
1111 2674 1290 2701 manum
1315 2663 1515 2701 dextram
1539 2671 1682 2698 meam
1703 2674 1711 2706 ;

841 2743 887 2781 ln
910 2741 1095 2781 consilio
1117 2746 1191 2780 tuo
1206 2741 1347 2779 deduc
1370 2750 1440 2777 me

893 2811 933 2846 et
955 2812 1102 2857 postea
1126 2803 1260 2857 [cum]
1277 2803 1415 2854 gloria
1440 2814 1508 2842 me
1523 2802 1718 2852 accipes:

839 2883 984 2935 [Nam]
1007 2884 1107 2935 quis
1130 2882 1239 2923 mihi
1258 2881 1353 2933 [est]
1377 2882 1421 2920 in
1444 2880 1577 2921 caelis
1595 2879 1616 2918 ἵ)

893 2955 933 2989 et
954 2953 1164 3000 tanquam
1189 2954 1227 2988 te
1248 2959 1336 2987 non
1359 2947 1565 2987 desidero
1586 2945 1632 2984 in
1654 2949 1768 2984 terra
1791 2943 1798 2981 1

840 3027 1126 3066 Consumitur
1144 3038 1245 3066 caro
1269 3037 1361 3064 mea
1387 3029 1428 3064 et
1448 3035 1523 3063 cor
1545 3034 1710 3069 meum,

894 3103 1025 3142 rupes
1053 3092 1197 3130 cordis
1224 3091 1310 3130 mei
1334 3095 1371 3129 et
1397 3100 1497 3139 pars
1530 3098 1622 3126 mea
1651 3087 1764 3126 Deus
1787 3083 1882 3131 [est]
1922 3084 1968 3122 in

841 3168 946 3206 Ecce
969 3168 1200 3217 longinqui
1226 3167 1287 3205 tui
1312 3169 1510 3216 pereunt,
1698 3147 1966 3196 [flsstffl'fluml

896 3233 1041 3282 perdis
1059 3243 1233 3271 omnem
1261 3231 1550 3269 fornicantem
1577 3228 1727 3279 procul
1749 3238 1769 3265 a
1793 3231 1832 3264 te
1851 3222 1860 3264 l
