2243 3568
262 262 318 297 11.
355 262 399 296 Et
429 260 649 296 adorabunt
688 268 775 294 eum

214 319 349 345 omnes
371 318 482 353 reges
502 310 616 342 terrae
636 317 644 349 3
662 306 682 324 *
699 316 776 340 om-

214 366 283 392 nes
303 358 442 401 gentes
458 354 633 389 servient
654 352 687 388 ei
706 364 713 388 :

261 408 319 444 12.
347 408 443 451 Quia
471 406 654 442 liberabit
681 417 776 451 pau—

213 466 341 501 perem
363 465 384 490 a
403 457 581 500 potente:
598 454 615 472 ’³‘
631 457 667 489 et
687 463 775 498 pau⁴

213 514 356 548 perem,
378 502 440 538 cui
463 512 541 536 non
563 504 646 536 erat
663 498 777 546 adju—

214 554 291 586 tor.

260 603 318 638 13.
366 602 501 637 Parcet
540 601 700 646 pauperi
741 604 779 636 et

214 650 319 696 inopi
344 650 377 684 ε*
411 652 448 686 et
462 649 615 684 animas
636 659 774 694 paupe-

215 708 301 734 rum
320 696 450 732 salvas
471 696 599 731 faciet.

261 751 316 785 14.
335 750 390 785 Ex
416 749 550 784 usuris
582 752 617 784 et
635 748 776 793 iniqui-

214 800 292 834 tate
328 796 494 832 redimet
527 796 678 831 animas
712 807 775 830 eo-

213 855 298 881 rum
319 855 326 880 ε
347 844 365 863 ³⁶
391 846 428 879 et
455 843 683 878 honorabile
711 853 773 877 no>

212 903 300 928 men
320 901 452 927 eorum
474 901 602 926 coram
623 890 702 924 illo.

259 945 316 980 15.
348 944 392 979 Et
413 944 530 980 vivet.
554 947 591 978 et
617 943 776 978 dabitur

212 993 245 1027 ei
265 992 312 1027 de
326 1001 422 1026 auro
442 991 610 1031 Arahiae,
631 994 667 1025 et
688 990 773 1025 ado>

213 1040 358 1076 rabunt
384 1038 431 1074 de
452 1038 537 1083 ipso
558 1048 711 1083 semper
730 1049 736 1072 :
757 1037 775 1055 2⁶

213 1090 292 1123 tota
313 1086 375 1122 die
396 1085 628 1121 benedicent
647 1085 693 1120 ei.

260 1139 303 1175 16
336 1139 379 1174 Et
394 1139 469 1174 erit
485 1139 773 1174 firmamentum

212 1187 252 1222 in
275 1190 379 1222 terra
407 1187 446 1221 in
475 1186 640 1221 summis
670 1196 773 1220 mon—

213 1234 324 1275 tium,
349 1233 683 1279 superextolletur
712 1243 771 1267 su*

211 1292 279 1328 per
330 1280 515 1316 Libanum
570 1281 581 1315 f
594 1291 612 1315 r
625 1291 647 1315 u
661 1283 743 1315 ctu
757 1290 775 1315 s

211 1327 323 1374 ejus:
345 1328 362 1347 ᾗ
388 1332 425 1364 et
445 1328 642 1363 florebunt
660 1328 706 1363 de
725 1327 773 1361 ci-

211 1376 332 1412 vitate
353 1376 457 1412 sicut
474 1376 619 1410 loenum
643 1378 772 1410 terrae.

258 1429 381 1464 17.Sit
396 1439 536 1464 nomen
558 1426 644 1473 ejus
662 1428 774 1463 bene-

211 1476 357 1512 dictum
382 1476 420 1510 in
446 1476 590 1511 saecula
615 1487 621 1510 :
645 1475 664 1494 *
685 1479 775 1510 ante

211 1524 331 1559 solem
380 1526 582 1568 permanet
634 1533 774 1557 nomen

211 1569 309 1616 ejus.
345 1572 389 1606 Et
419 1571 701 1606 benedicentur
737 1570 774 1604 in
835 1614 838 1615 ⁷

212 1619 295 1664 ipso
310 1628 445 1654 omnes
462 1618 590 1653 tribus
608 1620 722 1652 terra*
743 1622 774 1659 3*

209 1676 345 1701 omnes
372 1668 510 1711 gentes
546 1665 775 1710 magnilica-

212 1713 310 1748 bunt
332 1724 434 1748 eum.

257 1766 314 1801 18.
327 1765 560 1801 Benedictus
576 1766 775 1806 Dominus,

213 1814 313 1848 Deus
347 1812 490 1848 lsrael!
515 1812 534 1831 *
577 1813 643 1858 qui
685 1813 775 1848 facit

211 1860 406 1896 mirabilia
428 1860 549 1894 solus.

260 1913 315 1948 19.
347 1914 390 1948 Et
420 1913 668 1948 benedictum
707 1924 775 1948 no-

212 1970 299 1995 men
339 1958 558 2005 majestatis
604 1957 689 2004 ejus
737 1960 775 1994 in

210 2010 402 2059 aeternum
428 2018 434 2041 ι
461 2006 479 2058 {³
501 2011 538 2042 et
560 2007 776 2052 replebitur

212 2058 416 2099 majestate
437 2065 523 2099 eJus
545 2054 673 2089 omnis
698 2058 775 2090 ter—

211 2112 281 2138 ra:
306 2100 399 2137 fiat!
426 2100 519 2136 fiat!

257 2154 303 2189 20
366 2155 597 2190 Defecerunt
639 2154 775 2190 laudes

212 2202 332 2237 David
354 2202 424 2236 lilii
445 2202 571 2238 Jesse.

981 130 1218 172 —194-
1859 142 1877 156 ⁶

851 257 958 297 Nam
983 256 1189 296 liberabit
1210 265 1446 305 pauperem
1468 254 1782 305 implorantem

903 327 944 361 et
966 322 1196 366 miserum,
1221 325 1260 359 et
1281 331 1370 359 non
1396 324 1488 359 erat
1510 319 1724 370 adjuvans
1747 319 1811 359 ei:

851 387 1133 427 Miserebitur
1154 397 1288 435 super
1308 384 1498 424 debilem
1523 389 1563 423 et
1585 395 1821 435 pauperem

904 457 946 492 et
966 452 1077 490 vitas
1100 462 1344 501 pauperum
1368 450 1509 489 salvas
1532 461 1625 489 esse
1644 449 1787 497 faciet,

856 518 910 556 Ex
948 516 1231 567 oppressione
1269 520 1310 554 et
1346 514 1554 554 violentia
1582 514 1786 554 liberabit
1814 514 1985 568 animas

1246 581 1256 589 ‘
1797 581 1982 628 [eorum‚

905 660 1005 687 nam
1033 647 1251 698 pretiosus
1273 646 1355 686 erit
1386 644 1566 696 sanguis
1589 656 1739 692 eorum
1763 649 1862 683 ante
1884 654 1985 683 ocu-

1773 714 1855 766 [los
1870 714 1981 765 ejus.

852 770 1747 829 Etvivettmiser]etdabiteideaurosseba
1769 779 1833 833 (¹),

903 855 944 890 et
965 846 1136 894 [miser]
1160 848 1470 899 deprecabitur
1491 858 1569 898 pro
1591 858 1639 886 eo
1661 857 1850 896 semper,

906 920 991 955 tota
1013 915 1084 954 die
1103 913 1333 954 benedicet
1355 913 1407 952 ei.

1729 979 1982 1033 [montium,

851 1052 940 1091 Erit
975 1050 1245 1090 abundantia
1277 1049 1490 1089 frumenti
1525 1048 1569 1087 in
1604 1052 1735 1095 terra,
1756 1046 1801 1085 in
1824 1044 1985 1085 vertice

902 1116 1131 1156 fluctuabit
1177 1116 1291 1155 sicut
1330 1104 1536 1154 Libanus'
1563 1113 1733 1153 fructus
1767 1103 1875 1162 ejus,

903 1187 943 1222 et
965 1181 1224 1221 efflorebunt
1246 1182 1297 1220 de
1319 1179 1496 1219 civitate
1519 1178 1634 1218 sicut
1656 1177 1787 1217 herba
1825 1181 1980 1216 terrae.

850 1247 939 1286 Erit
959 1258 1120 1286 nomen
1137 1246 1231 1297 ejus
1252 1245 1298 1284 in
1317 1245 1557 1287 saeculum,

903 1317 1002 1352 ante
1024 1312 1179 1351 faciem
1204 1311 1310 1350 solis
1333 1308 1649 1361 propagabitur
1670 1318 1833 1347 nomen
1870 1306 1980 1357 eJus,

851 1378 898 1417 Et
920 1377 1003 1416 sibi
1024 1376 1439 1427 beneprecabuntur
1459 1374 1506 1413 in
1529 1385 1577 1413 eo
1601 1373 1663 1423 (');

903 1454 1056 1482 omnes
1073 1447 1227 1492 gentes
1246 1441 1422 1480 beatum
1446 1438 1764 1490 praedicabunt
1785 1448 1885 1476 eum
1911 1434 1920 1474 1

1465 1591 1721 1644 [ooxomom
1751 1601 1898 1629 νιΝΑιΕ
1928 1601 1981 1629 Du

851 1718 1090 1757 Benedictus
1113 1716 1193 1767 [su]
1214 1717 1368 1757 ιΙ(,Ἰῑουα
1389 1715 1565 1765 molum,

907 1786 1010 1822 Deus
1032 1782 1174 1830 Israel,

852 1850 1021 1887 [faciens
1043 1848 1231 1899 prodiyia
1251 1846 1360 1886 solas
1378 1859 1389 1887 .·
1739 1845 1982 1893 inclamant,

903 1918 940 1951 et
979 1911 1236 1952 benedictum
1277 1915 1331 1951 stt
1370 1924 1517 1951 *nomen
1553 1911 1639 1965 ejus
1673 1911 1900 1964 ylorz'osum
1940 1910 1985 1949 in

850 1979 899 2016 Et
919 1975 1128 2027 ‘repleatur
1148 1978 1283 2028 qlort'a
1306 1978 1390 2028 ejus
1412 1978 1609 2016 universa
1631 1984 1744 2016 terra
1764 1979 1776 2015 J

904 2047 1031 2082 Amen
1051 2049 1088 2081 et
1110 2046 1136 2080 Α
1148 2054 1236 2081 men
1255 2044 1267 2080 J

851 2196 1099 2235 COMPLETAE
1132 2207 1235 2235 SUNT
1275 2207 1553 2236 PRECATIONES
1593 2196 1727 2235 DAvm
1758 2207 1851 2236 rimi
1881 2195 1978 2235 lsAi.

272 2391 316 2427 (1)
341 2390 429 2420 C'est
453 2390 481 2420 la
507 2391 707 2421 traduction
730 2390 757 2420 la
780 2391 858 2430 plus
882 2390 1108 2430 acceptatum
1132 2390 1221 2420 mais
1242 2400 1380 2420 comme
1400 2391 1429 2420 le
1455 2392 1544 2429 sujct
1568 2391 1629 2421 des
1663 2391 1787 2421 verbes
1809 2392 1863 2421 est
1883 2398 1982 2421 sous—

209 2432 376 2470 tamenim,
402 2431 434 2462 le
451 2440 531 2462 sens
551 2440 595 2462 ne
612 2441 649 2462 se
667 2432 800 2471 degage
818 2442 878 2473 pas
899 2435 971 2464 tres
986 2432 1207 2463 clairement.
1226 2432 1276 2462 On
1296 2433 1456 2472 pourrait
1474 2433 1570 2464 aussi
1594 2433 1755 2464 traduire
1775 2442 1781 2463 :
1809 2430 1914 2463 route
1940 2437 1981 2461 sa
