2243 3568
301 340 359 376 26.
377 339 607 375 Ascendunt
624 349 748 384 usque
769 339 818 374 ad

254 388 386 425 coelos.
410 390 447 422 et
473 386 719 422 descendunt
754 396 815 421 us-

254 446 328 480 que
346 435 394 470 ad
413 434 580 481 abyssos
601 444 608 476 ;
631 432 651 451 ἕ
687 433 817 468 anima

255 492 386 517 eorum
399 481 438 515 in
452 480 566 516 malis
580 480 815 516 tabescebat.

301 529 344 563 27
381 528 541 563 Turbati
555 530 649 562 sunt
667 531 704 562 et
723 528 816 562 moti

255 578 349 611 sunt
385 575 488 610 sicut
527 575 686 617 ebrius;
721 574 741 594 ³¹⁶
780 578 818 609 et

255 622 384 658 omnis
396 622 589 667 sapientia
603 632 735 657 eorum
754 622 815 657 de>

256 673 390 705 vorata
412 672 484 704 est.

300 717 357 752 28.
383 717 427 751 Et
463 716 734 751 clamaverunt
769 716 818 751 ad

256 764 461 799 Dominum
508 774 596 798 cum
650 763 817 798 tribula—

255 814 415 854 rentum
438 810 458 830 ᾖ
479 813 516 846 et
536 811 584 846 de
606 811 815 846 necessita*

255 858 361 893 tibus
399 868 532 893 eorum
567 858 704 893 eduxit
733 868 812 892 eos.

301 906 356 941 29.
378 906 422 940 Et
443 905 585 940 statuit
606 905 815 950 procellam

253 950 339 998 ejus
356 952 394 987 in
416 963 550 987 auram
561 963 576 1003 3
596 952 616 971 *
634 955 671 987 et
698 952 813 987 silue<

254 1002 348 1034 runt
369 1000 513 1035 ssuctus
535 1009 633 1044 cJus.

300 1047 357 1082 30.
380 1048 424 1082 Et
448 1047 570 1082 laetati
593 1049 688 1082 sunt
724 1046 815 1092 quia

253 1094 477 1137 siluerunt;
520 1094 539 1113 ’κ
579 1097 615 1128 et
651 1094 816 1129 deduxit

254 1151 318 1176 eos
340 1141 379 1175 in
401 1144 556 1187 portum
598 1141 815 1177 voluntatis

254 1198 401 1224 eorum.

300 1235 637 1271 3l.C0nfiteantur
657 1236 816 1271 Domino

255 1283 534 1318 misericordiae
546 1281 632 1328 ejus
647 1283 680 1326 ᾗῇ
692 1286 729 1318 et
743 1283 815 1317 mi-

254 1328 813 1375 rabiliaejustiliishominum.

300 1378 345 1412 32
383 1378 427 1412 Et
460 1378 635 1413 exaltent
659 1389 745 1413 eum
777 1378 816 1413 in

254 1425 417 1460 ecclesia
450 1425 575 1470 plebis
597 1436 604 1468 ;
645 1425 665 1444 *
701 1429 737 1460 et
778 1426 815 1460 in

253 1472 435 1507 cathedra
487 1473 687 1508 seniorum
737 1473 815 1507 lau*

253 1520 348 1555 dent
369 1530 471 1555 eum.

300 1567 358 1601 33.
401 1567 537 1602 Posuit
573 1567 736 1602 flumina
776 1568 815 1602 in

253 1614 466 1656 desertum,
512 1614 532 1633 *
588 1617 625 1650 et
687 1615 817 1650 exitus

253 1671 441 1706 aquarum
465 1661 504 1696 in
527 1662 654 1697 sitim:

299 1708 357 1743 34.
381 1709 539 1744 Terram
572 1709 815 1745 fructiferam

255 1755 293 1789 in
314 1755 572 1802 salsuginem,
589 1756 608 1775 ἦ
627 1767 646 1792 a
666 1758 815 1792 malitia

255 1802 560 1838 inhabitantium
584 1804 622 1838 in
647 1815 702 1839 ea.

299 1851 357 1885 2²15.
383 1851 516 1885 Posuit
537 1852 738 1886 desertum
777 1852 815 1885 in

253 1899 393 1942 stagna
446 1908 636 1942 aquarum
659 1910 665 1932 :
707 1898 726 1917 ·’“·”’
779 1902 816 1933 et

256 1947 397 1979 terram
418 1946 503 1979 sine
532 1956 630 1990 aqua
665 1946 704 1979 in
739 1946 814 1980 exi*

256 1994 319 2026 tus
341 2001 546 2036 aquarum.

300 2038 357 2073 36.
400 2039 443 2073 Et
491 2040 696 2075 collocavit
737 2040 817 2074 illic

254 2085 494 2125 esurientes;
538 2086 557 2105 '²‘
588 2090 625 2121 et
666 2088 815 2122 consti-

256 2136 416 2168 tuerunt
437 2133 636 2169 civitatem
668 2134 814 2170 habita*

256 2179 386 2215 tionis,

299 2227 355 2261 37.
424 2228 467 2262 Et
519 2228 816 2264 seminaverunt

252 2283 381 2319 agros,
402 2278 439 2309 et
460 2275 739 2319 plantaverunt
763 2277 812 2311 vi*

254 2321 407 2363 neas;*
441 2326 478 2357 et
518 2323 696 2358 lecerunt
731 2323 814 2358 fru—

252 2371 357 2402 ctum
380 2369 614 2405 nativitatis.

299 2418 355 2450 258.
387 2416 430 2450 Et
450 2416 651 2452 benedixit
684 2417 754 2459 eis,
778 2421 815 2453 et

254 2462 505 2507 multiplicati
525 2468 619 2499 suut
641 2464 759 2500 nimis
777 2466 814 2500 z*

252 2512 300 2561 et·
329 2507 507 2554 jumenta
553 2522 687 2546 eorum
736 2523 813 2547 non

253 2558 474 2592 minoravit.

297 2604 353 2638 39.
378 2605 421 2639 Et
439 2606 549 2649 pauci
571 2606 660 2641 iacti
680 2611 774 2642 sunt
794 2607 814 2625 ’Ψ

251 2653 285 2684 ei
322 2653 448 2686 vexati
484 2656 578 2687 sunt
608 2664 628 2688 a
653 2654 811 2689 tribula

254 2697 357 2732 tione
380 2699 584 2739 malorum,
608 2704 645 2735 et
665 2702 811 2736 dolore.

299 2744 353 2779 40.
381 2746 508 2781 Effusa
531 2751 589 2781 est
616 2751 811 2793 contemp-

254 2791 305 2825 tio
326 2801 442 2836 super
462 2794 658 2839 principes
682 2806 689 2837 ;
712 2795 732 2814 *
776 2799 814 2831 et

252 2847 383 2872 errare
406 2840 495 2874 iecit
516 2851 580 2875 eos
619 2841 656 2875 in
693 2842 810 2881 invio,

252 2887 289 2918 et
308 2895 384 2919 non
407 2886 446 2920 in
471 2887 543 2921 via.

298 2931 354 2965 41.
376 2933 419 2966 Et
440 2932 590 2978 adjuvit
605 2945 811 2980 pauperem

251 2977 297 3012 de
320 2978 461 3023 inopia,
479 2980 495 2998 ⁵³
515 2984 551 3015 et
568 2982 813 3026 posuitsicut

208 3046 210 3048 -
251 3034 342 3059 oves
365 3026 533 3062 familias

298 3071 355 3106 42.
396 3073 590 3109 Videbunt
631 3076 739 3115 recti,
776 3079 813 3111 et

251 3117 491 3155 laetabuntur
504 3121 536 3163 3*
549 3125 586 3156 et
598 3123 725 3157 omnis
739 3123 810 3157 ini-

250 3165 381 3209 quitas
402 3168 592 3212 oppilabIt
611 3180 653 3204 os
673 3180 807 3206 suum.

297 3212 354 3246 43.
378 3213 472 3256 Quis
494 3216 652 3260 sapiens
675 3220 711 3251 et
727 3227 811 3252 cus-

252 3259 373 3294 todiet
402 3261 483 3296 haec
504 3273 511 3304 ;
532 3263 550 3280 ἦ
584 3267 622 3298 et
668 3263 811 3299 intelli-

250 3308 315 3350 get
333 3307 623 3345 misericordias
642 3309 816 3346 Domini?

1026 215 1178 254 —306
1213 238 1257 244 —

891 339 1197 379 Ascendebant
1239 337 1323 390 [ad]
1381 339 1538 387 caelos,
1578 340 1904 381 descendebant
1935 339 2020 392 [ad]

1810 404 2020 457 [abyssos,

944 469 1090 508 anima
1114 469 1312 520 ipsorum
1333 469 1377 508 in
1401 470 1515 508 malo
1538 469 1808 521 liquefiebat,

892 551 1170 602 Gyrabantur
1190 555 1232 591 et
1253 551 1502 591 titubabant
1524 552 1639 591 sicut
1661 552 1826 598 ebrius,

945 621 986 656 et
1007 617 1152 656 omnis
1175 615 1329 667 peritia
1352 628 1505 657 eorum
1527 617 1869 657 absorbebatur:

898 815 1006 851 Titne
1021 810 1150 852 clama
1159 817 1303 852 verunt
1323 810 1376 851 ad
1395 810 1587 852 Jeliovam
1604 813 1648 851 ῑίι
1666 809 1934 852 tribulatione
1948 824 2023 851 sua

944 883 982 915 et
1002 877 1047 915 de
1067 878 1271 929 anqustiis
1291 878 1379 916 suis
1399 875 1543 916 eduxit
1562 889 1641 923 eos,

889 960 1052 998 Sezlavit
1069 958 1290 1011 procellam
1310 963 1356 999 in
1378 958 1729 1013 tranquillitatem

943 1029 979 1062 et
999 1021 1206 1063 siluerunt
1225 1022 1373 1077 [lactus
1394 1036 1547 1073 eorum,

893 1109 939 1146 Et
961 1104 1106 1146 laetati
1124 1114 1235 1154 sunt,
1259 1108 1358 1161 quia
1379 1105 1637 1161 quiescebant

943 1176 980 1211 et
999 1170 1167 1212 deduxit
1188 1172 1295 1224 ipsos
1317 1175 1362 1211 in
1382 1177 1550 1224 portam
1566 1173 1794 1212 voluntatis
1818 1184 1930 1213 suae.

892 1254 1180 1308 Confiteantar
1195 1255 1365 1299 Jeliovae
1386 1256 1461 1311 [de]
1485 1258 1766 1298 misericordia
1787 1259 1872 1308 ejus

944 1327 981 1360 et
1001 1321 1048 1361 de
1070 1321 1333 1363 mirabilibus
1359 1325 1445 1374 ejus
1464 1321 1563 1376 filiis
1584 1321 1763 1363 hominis
1783 1334 1794 1363 .·

895 1409 940 1444 Et
962 1404 1144 1445 exaltent
1163 1418 1254 1446 eam
1275 1408 1316 1445 in
1341 1405 1506 1446 ecclesia
1527 1405 1651 1458 plebis

945 1476 982 1510 et
1005 1471 1047 1509 in
1068 1471 1242 1511 consilio
1263 1473 1474 1512 seniorum
1498 1471 1668 1511 landent
1690 1484 1779 1511 eum
1793 1475 1805 1511 l

893 1792 1101 1830 Convertit
1121 1790 1301 1843 flamina
1324 1793 1367 1830 in
1387 1792 1588 1831 desertam

945 1862 981 1894 et
1002 1856 1132 1895 eritas
1154 1868 1361 1909 aquaram
1382 1858 1424 1896 in
1443 1858 1620 1905 aridam,

898 1940 1060 1976 Terram
1080 1939 1239 1988 fractas
1262 1940 1305 1977 in
1320 1937 1583 1989 salsuginem,

942 2010 1107 2053 propter
1127 2001 1334 2042 malitiam
1354 2003 1635 2044 habitantium
1660 2006 1703 2043 in
1723 2017 1782 2045 ca.

892 2087 1102 2124 Convertit
1122 2084 1325 2124 desertam
1347 2087 1391 2125 in
1411 2092 1601 2138 staqnum
1626 2087 1847 2140 aquarum,

943 2156 979 2188 et
1003 2156 1158 2189 terram
1177 2152 1381 2190 sitientem
1400 2152 1445 2190 iit
1466 2153 1597 2191 exitus
1619 2165 1838 2206 aquarum,

892 2234 939 2270 Et
959 2228 1056 2283 fecit
1071 2229 1259 2272 habitare
1281 2231 1338 2272 ibi
1358 2235 1581 2273 esurientes

943 2303 979 2335 et
1000 2303 1216 2337 ereoeerimt
1240 2296 1326 2350 [ibi]
1344 2299 1547 2338 civitatem
1569 2298 1857 2348 habitationis,

889 2382 939 2418 Et
960 2382 1265 2420 seminaverunt
1287 2393 1420 2433 aoros,
1445 2388 1482 2421 et
1497 2380 1796 2434 plantaverant
1821 2383 1958 2422 ‘cineas

943 2450 979 2483 et
1001 2444 1133 2497 [istae]
1155 2444 1340 2498 fecerunt
1359 2445 1542 2499 [ructum
1556 2449 1797 2500 prooemiis,

890 2530 938 2567 Et
960 2527 1163 2568 benedixit
1185 2531 1239 2568 eis
1260 2535 1297 2569 et
1319 2528 1586 2582 multiplicati
1606 2537 1707 2570 sant
1727 2530 1854 2580 valde,

941 2599 979 2633 et
989 2592 1186 2646 jamenta
1207 2606 1346 2634 eorum
1365 2608 1449 2635 non
1464 2607 1598 2648 pauca
1621 2594 1826 2645 reddidi&

888 2679 939 2715 Et
955 2678 1078 2728 pauci
1098 2675 1201 2730 facti
1229 2684 1350 2719 erant
1363 2683 1401 2718 et
1423 2676 1638 2719 humiliati
1658 2685 1780 2718 erant

939 2749 1107 2793 propter
1127 2744 1380 2783 vexationem
1400 2742 1500 2784 mali
1528 2749 1562 2783 et
1584 2742 1751 2794 doloris,
1865 2760 2020 2814 [eorum

888 2823 1110 2877 Effundens
1149 2824 1316 2878 [fuerat]
1357 2832 1508 2867 contem
1515 2833 1629 2878 ptam
1661 2838 1783 2878 super
1814 2829 2021 2879 principes

940 2896 976 2929 et
997 2902 1138 2930 errare
1157 2890 1309 2942 lecerat
1329 2904 1392 2931 eos
1418 2893 1463 2931 iii
1484 2889 1639 2932 deserto
1660 2893 1749 2931 sine
1770 2893 1837 2931 via
1854 2904 1867 2938 ;

887 2972 961 3010 Sea
980 2974 1149 3013 sustulit
1166 2986 1387 3026 pauperem
1408 2975 1453 3014 de
1473 2975 1613 3022 inopia

940 3043 977 3075 et
992 3039 1127 3088 posuit
1147 3040 1253 3078 sicut
1265 3051 1353 3078 oves
1369 3036 1554 3090 familias
1572 3038 1757 3091 [eoramJ.

896 3119 1035 3159 Vident
1057 3124 1156 3160 recti
1176 3128 1213 3160 et
1234 3119 1446 3161 laetantur

941 3190 977 3223 et
997 3187 1130 3224 omnis
1153 3186 1354 3238 iniquitas
1376 3184 1552 3226 occludit
1573 3197 1616 3226 os
1636 3197 1779 3225 suam:

890 3265 985 3314 Quis
1003 3265 1089 3318 [est]
1114 3269 1310 3319 sapiens?
1337 3268 1518 3320 profecto
1541 3266 1720 3308 observet
1744 3269 1825 3307 ista

942 3333 978 3367 et
996 3330 1235 3382 intelligant
1254 3333 1556 3378 misericordias
1572 3331 1772 3373 Jekovae!
