2243 3568
1553 285 1557 288 ’
1608 294 1838 338 PsAUME
1884 294 1943 336 xi

274 432 489 486 Constance
510 444 559 471 en
582 426 753 470 Yahveh.
768 451 817 457 —
837 432 947 468 Deum
961 424 1144 478 scrophas
1157 437 1270 466 assez
1291 437 1368 476 peu
1388 422 1608 477 w‘quloeres
1630 435 1642 464 :
1663 425 1699 463 1¹³
1714 423 1767 463 les
1788 423 1892 462 amis
1909 421 1964 461 du

249 623 300 662 X.
343 643 392 649 -—
441 621 476 659 1.
530 620 573 658 IN
612 629 753 665 FINEM,

195 685 383 715 PSALMUS
422 675 569 713 DAvm.

244 798 282 833 2.
317 797 359 831 ln
390 796 553 831 Domino
578 795 756 836 confid03

198 844 390 891 quomodo
437 843 570 879 dicitis
617 842 758 878 anima}

199 903 293 928 meae
327 903 333 926 :
372 891 391 910 *
442 889 680 935 transmigra
721 889 759 924 in

200 942 370 975 montem
393 939 496 974 sicut
518 947 652 983 passer
672 935 690 971 Ῥ

246 986 284 1022 3.
318 986 507 1029 Quoniam
526 995 613 1020 ecce
631 993 758 1029 pecca-

202 1037 306 1070 tores
328 1033 584 1068 intenderunt
611 1041 759 1072 arcum,

201 1083 439 1126 paraverunt
472 1079 639 1125 sagittas
669 1088 762 1113 suas

203 1129 242 1163 in
260 1128 454 1173 pharetra,
474 1126 495 1146 ³⁶
513 1129 555 1161 ut
571 1126 763 1171 sagittent

204 1176 242 1211 in
272 1175 439 1210 obscuro
474 1176 600 1209 rectos
633 1173 761 1208 corde.

250 1223 287 1258 4.
321 1222 509 1265 Quoniam
528 1231 614 1266 quae
637 1220 763 1266 perfe-

203 1269 307 1307 cisti,
327 1270 611 1305 destruxerunt
631 1265 762 1312 :³⁹³jus-

207 1320 269 1354 tus
289 1319 419 1352 autem
442 1316 536 1361 quid
555 1314 643 1350 tecit
667 1312 686 1349 Ῥ

250 1365 289 1400 5.
324 1363 512 1399 Dominus
550 1363 588 1397 in
622 1361 765 1406 templo

205 1413 342 1447 sancto
363 1421 458 1452 su0;
479 1409 498 1429 ³²
522 1409 709 1445 Dominus
726 1408 764 1443 in

205 1458 302 1494 coelo
342 1458 454 1493 sedes
494 1455 579 1502 ejus
606 1468 613 1499 ;
662 1456 764 1491 oculi

206 1503 292 1551 ejus
327 1505 365 1540 in
402 1514 608 1549 pauperem
641 1503 766 1548 respi-

207 1553 317 1589 ciunt
341 1551 386 1595 3*
401 1552 594 1597 palpebrae
608 1549 694 1596 ejus
711 1551 766 1585 in-

209 1602 409 1645 terrogant
430 1599 530 1634 lilios
549 1599 763 1634 hominum.

254 1646 291 1682 6.
328 1646 515 1681 Dominus
549 1646 767 1691 interrogat

207 1692 357 1740 iustum
379 1696 416 1728 et
438 1693 599 1738 impium
621 1704 628 1735 3
660 1692 680 1712 *
701 1692 767 1738 qui

208 1744 338 1778 autem
357 1741 488 1786 diligit
504 1740 767 1785 iniquitatem,

210 1789 291 1824 odit
311 1788 480 1823 animam
503 1798 626 1822 suam.

257 1836 294 1871 7.
329 1835 439 1870 Pluet
474 1845 591 1879 super
636 1844 770 1879 pecca-

214 1886 317 1918 tores
340 1882 520 1927 laqueos;
553 1881 572 1900 *
592 1881 710 1926 ignis,
734 1883 771 1916 et

212 1930 392 1974 sulphur,
429 1932 466 1965 et
494 1929 660 1973 spiritus
683 1938 771 1973 pro-

212 1977 413 2018 cellarum,
444 1986 533 2021 pars
554 1975 687 2011 calicis
709 1985 773 2010 eo—

214 2035 314 2060 rum.

260 2071 299 2106 8.
332 2067 670 2114 Quoniamjustus
702 2069 773 2103 Do-

216 2118 346 2153 minus
368 2121 405 2153 et
421 2115 599 2163 justitias
620 2115 773 2157 dilexit;

215 2164 486 2218 *aequitatem
515 2164 612 2200 vidit
641 2163 775 2199 vultus

216 2222 314 2258 eJuS.

1028 616 1323 655 PRAECENTORI
1346 629 1354 653 :
1376 611 1598 665 [PSALMUS]
1621 614 1770 653 DAvln.

1393 703 1409 742 Ι

836 794 884 834 In
905 794 1067 834 Jehova
1090 792 1268 843 confugi
1289 805 1297 831 :
1597 787 1924 842 [mihimetipsi]
1954 803 1962 827 ε

889 859 1110 910 quomodo
1141 855 1277 909 [ergo]
1310 857 1516 897 diceretis
1548 856 1721 896 animae
1754 865 1874 894 meae
1897 852 1966 905 [ou

837 942 856 967 «
892 930 1042 980 Fugite
1061 929 1107 969 in
1130 934 1300 968 montes
1322 932 1505 975 vestros,
1530 927 1554 966 ὀ
1577 937 1774 978 passeres
1794 924 1856 975 (¹),

892 1008 911 1033 »
943 995 1047 1046 quia
1067 1005 1165 1034 eece
1190 993 1371 1044 maligni
1395 993 1583 1046 tendunt
1602 1002 1770 1038 arcum,

840 1080 858 1104 >›
891 1066 1165 1108 Confirmant
1184 1065 1391 1115 sagittam
1414 1075 1540 1103 suam
1563 1073 1696 1113 super
1713 1061 1924 1102 chordam

893 1144 911 1169 »
944 1133 995 1171 ad
1020 1131 1320 1182 dejiciendum
1341 1130 1387 1169 in
1411 1128 1602 1169 tenebris
1625 1131 1766 1167 rectos
1792 1126 1937 1166 corde.

841 1217 859 1241 >)
891 1203 1073 1251 Quando
1095 1203 1381 1242 fundamenta
1406 1203 1680 1246 evertuntur,

895 1281 914 1306 ›>
945 1269 1090 1319 justus
1112 1268 1219 1319 quid
1244 1266 1347 1306 lacit
1369 1266 1390 1305 ἵ)
1414 1278 1433 1303 ))

1392 1372 1427 1411 11

840 1465 1003 1504 Jehova
1023 1461 1185 1515 [autem
1210 1460 1288 1513 est]
1311 1462 1357 1501 in
1382 1460 1543 1512 palatio
1565 1464 1715 1500 sancto
1737 1470 1817 1498 suo
1837 1473 1845 1505 ;

894 1529 1073 1576 Jehova,
1098 1529 1144 1567 in
1166 1528 1299 1568 caelis
1322 1528 1508 1566 thronus
1527 1526 1621 1577 ejus
1644 1522 1739 1575 [est]
1763 1536 1771 1570 ;

845 1599 984 1651 [Inde]
1007 1599 1120 1639 oculi
1143 1600 1237 1650 ejus
1259 1598 1558 1644 considerant,

898 1665 1132 1716 palpebrae
1154 1665 1248 1715 ejus
1271 1663 1502 1714 explorant
1524 1661 1639 1701 filios
1663 1658 1857 1700 hominis
1883 1674 1891 1706 ;

843 1737 1006 1777 Jehova
1028 1737 1195 1786 justum
1214 1734 1554 1784 contemplatur,

899 1802 972 1840 sed
1000 1801 1245 1851 malignum
1268 1804 1308 1839 et
1330 1810 1427 1838 eum
1454 1797 1529 1848 qui
1551 1796 1697 1847 diligit
1718 1794 1972 1835 violentiam

1329 1861 1435 1915 [odit
1459 1863 1604 1902 anima
1627 1862 1722 1912 ejus
1745 1858 1811 1912 [οιι
1834 1859 1944 1910 ipse]
1964 1873 1972 1898 :

850 1938 991 1978 Faciet
1013 1936 1222 1987 depluere
1244 1946 1376 1985 super
1400 1934 1617 1983 malignos
1639 1931 1911 1972 calamitates
1939 1944 1946 1968 ι

904 2003 1072 2042 tulmen
1095 2006 1135 2040 et
1155 2000 1359 2050 sulphur,
1391 2003 1433 2038 et
1454 1998 1638 2049 spiritus
1659 1996 1971 2047 procellarum,

904 2066 1046 2118 portio
1074 2065 1224 2105 calicis
1249 2075 1401 2104 eorum
1427 2078 1435 2110 ;

851 2137 1065 2186 Quoniam
1086 2136 1248 2176 Jehova
1272 2139 1335 2174 est
1355 2135 1514 2186 justus,
1538 2131 1617 2183 [ac]
1641 2133 1755 2183 Justa
1776 2131 1934 2182 diligit,

907 2207 1075 2242 rectum
1095 2200 1420 2251 contemplatur
1443 2198 1575 2237 facies
1594 2197 1687 2248 ejus
1705 2197 1766 2246 (²).

1617 2338 1852 2382 PSAUME
1886 2337 1981 2380 XlI.

299 2475 423 2526 Appel
443 2474 467 2513 <i
496 2471 651 2513 l'alweh
678 2478 819 2513 contre
847 2471 888 2512 la
915 2470 1058 2512 mallee
1079 2478 1115 2511 et
1151 2471 1182 2510 le
1214 2481 1427 2521 mensonye
1459 2465 1766 2507 snrubonduuts
1797 2472 1981 2517 par-tout.

220 2545 330 2581 Deua?
348 2538 530 2589 stt-opines
554 2538 600 2578 de
629 2545 776 2592 quatre
801 2538 999 2590 distiques
1032 2548 1144 2576 assez
1170 2533 1410 2586 irrequlzers
1440 2545 1451 2573 .·
1481 2535 1520 2573 10
1542 2536 1581 2571 la
1602 2531 1799 2582 duplic-tte·
1824 2531 1985 2570 domine

220 2618 267 2646 en
301 2617 340 2644 ce
371 2605 527 2649 monde,
561 2606 602 2643 2⁰
637 2600 794 2642 Yahveh
828 2614 873 2641 oa
909 2600 1085 2642 delam-er
1122 2613 1181 2641 ‚ses
1216 2598 1366 2653 fideles.
1399 2621 1450 2627 —
1480 2603 1505 2638 Α
1545 2608 1783 2649 remur-quer·
1812 2594 1914 2636 dans
1948 2595 1986 2634 lu

277 2729 403 2768 XL—
421 2728 454 2766 1.
476 2728 518 2767 ΙΝ
539 2739 680 2771 FINEM,
706 2738 784 2766 PRO

224 2793 396 2829 oc'rAvA,
421 2792 606 2820 PSALMUS
638 2781 782 2819 DAvin.

272 2956 311 2991 2.
345 2956 503 2991 Salvum
536 2965 595 2989 me
619 2955 688 2994 lac,
721 2955 786 2989 Do-

228 3003 345 3043 mine,
405 3002 589 3048 quoniam
648 3001 790 3037 deiecit

228 3053 413 3091 sanctus3
436 3048 652 3093 *quoniam
674 3048 789 3083 dimi-

230 3101 337 3133 nutae
351 3100 445 3132 sunt
458 3096 645 3131 veritates
661 3105 681 3130 a
698 3095 790 3130 tiliis

230 3144 446 3180 hominum.

862 2728 1151 2766 PRAECENTOR!
1201 2739 1208 2763 ε
1266 2736 1396 2764 suren
1450 2732 1752 2762 oe'rAcnonnAM
1793 2717 1986 2770 [ιγιωικιῂ

913 2791 1100 2819 PSALMUS
1123 2781 1270 2818 DAvin.
2016 2778 2024 2785 '

1420 2878 1435 2916 1

866 2969 992 3008 Salva
1020 2980 1102 3015 me,
1125 2968 1305 3014 Jehova,
1331 2965 1541 3017 quoniam
1559 2963 1704 3004 delicit
1730 2962 1842 3012 pius,

911 3034 1121 3084 quoniam
1136 3032 1548 3072 desieruntveraces
1561 3029 1613 3068 de
1627 3027 1730 3067 filiis
1745 3023 1991 3066 hominum!

295 3260 338 3298 Η)
364 3257 537 3299 collectis
552 3267 595 3289 en
617 3257 765 3291 hebreu,
787 3256 963 3287 construit
985 3263 1067 3286 avec
1088 3253 1118 3285 le
1135 3253 1283 3292 pcusz'el.

294 3301 335 3340 (⁶2)
364 3300 442 3331 tire
465 3307 509 3332 en
534 3298 682 3338 he'breu,
707 3304 792 3328 avec
815 3295 865 3328 les
889 3295 1061 3336 Septante
1086 3297 1116 3326 ec
1142 3294 1179 3326 la
1208 3293 1369 3334 Vulqate,
1397 3295 1476 3325 emo
1500 3299 1596 3332 pour
1615 3300 1657 3323 av
1680 3300 1688 3322 :
1724 3289 1760 3321 ια
1781 3288 1998 3320 restitutum
