2243 3568
1014 152 1255 192 —148—

1620 278 1851 322 PSAUME
1914 279 2021 323 LVI.

334 405 459 462 „tppel
479 407 505 446 ct
526 409 639 455 Dieu,
668 403 839 444 d’Jsraet
869 402 1029 444 luctam
1058 409 1199 444 contre
1227 405 1273 444 de
1301 403 1530 445 nombreuoe
1561 408 1758 446 ennemis.
1791 412 2026 456 —·Quatre

255 470 437 524 scrophes
465 473 676 524 trtstiques
711 485 722 508 .·
751 472 791 510 1⁰
827 467 880 508 les
904 470 1100 516 armentis,
1140 470 1184 507 20
1205 469 1317 509 leurs
1350 467 1574 518 mammes,
1597 472 1641 511 3Ο
1663 469 1717 511 les
1749 471 1943 513 douleurs
1965 472 2027 513 du

253 535 476 590 psalm-iste,
511 538 553 576 40
583 547 658 575 son
684 536 820 574 action
853 535 898 574 de
919 534 1039 586 gyrat-e
1062 546 1071 573 ε
1107 546 1165 574 un
1196 534 1360 586 resrain
1386 537 1471 575 suit
1505 534 1559 575 les
1580 535 1764 589 strophes
1788 541 1805 577 1
1827 543 1865 577 et
1886 541 1947 596 HI
1959 550 1972 586 ;
1995 537 2028 578 il

314 662 391 701 LV.
407 684 457 689 —
479 661 523 700 IN
543 671 670 700 F1NEM
686 661 716 699 l.
736 670 817 698 pao

257 727 418 755 POPULo
470 726 540 762 om
591 727 614 753 A
652 724 817 752 SANcrls

257 780 392 808 LONGE
412 779 563 807 mei-os
579 779 662 814 EST,
684 768 817 805 DAvio

258 833 299 862 IN
317 833 451 860 Τιτυιι
481 831 815 867 1NSCRIPT10NEM,

258 886 342 914 cum
406 885 658 914 TENUERUNT
720 884 818 913 EUM

257 937 490 968 ALLOPHYLI
509 938 551 966 ιΝ
573 926 699 966 Gmn.

305 1052 342 1087 2.
377 1051 564 1086 Miserere
584 1050 672 1091 mei,
704 1050 817 1086 Deus.

259 1111 442 1156 quoniam
479 1109 724 1145 conculcavit
762 1119 821 1143 me

259 1170 372 1205 homo
406 1181 413 1204 :
443 1169 464 1188 *
498 1172 575 1204 tota
606 1169 669 1204 die
697 1167 818 1213 impu-

257 1239 386 1275 gnans
409 1227 616 1264 tribulavit
639 1238 711 1262 me.

307 1306 345 1340 3ἱ
388 1305 727 1340 Conculeaverunt
764 1314 821 1339 me

260 1364 409 1400 inimici
446 1363 519 1399 mei
556 1366 634 1399 tota
670 1363 766 1399 die:
802 1363 822 1383 *

259 1423 441 1469 quoniam
478 1423 593 1457 multi
629 1422 822 1458 bellantes

258 1483 465 1518 adversum
489 1493 561 1517 me.
784 1491 789 1495 ·

250 1552 258 1557 ’
306 1559 342 1595 4.
386 1559 444 1594 Ab
489 1559 700 1594 altitudine
744 1558 820 1594 diei

261 1618 403 1653 timebo
427 1629 434 1653 ε
464 1618 483 1637 ³⁶
515 1628 585 1663 ego
610 1628 701 1653 vero
723 1618 762 1652 in
786 1620 822 1653 te

259 1678 435 1722 sperabo.

307 1755 345 1789 5.
380 1755 421 1789 In
446 1755 521 1789 Deo
554 1755 721 1791 laudabo
742 1765 816 1790 ser-

260 1823 394 1848 mones
422 1823 539 1849 meos.
564 1813 603 1848 in
635 1814 711 1849 Deo
738 1824 819 1859 spe-

260 1871 342 1906 ravi
367 1883 374 1906 :
407 1871 427 1890 ³⁶
447 1882 523 1907 non
552 1872 695 1907 timebo
728 1873 822 1917 quid

261 1930 376 1965 saciat
400 1931 492 1964 mihi
515 1941 616 1965 caro.

306 2006 343 2041 6.
378 2007 468 2042 Tota
496 2007 558 2042 die
589 2008 705 2043 verba
741 2019 822 2044 mea
859 2027 865 2032 ·

259 2066 821 2102 eXSeCI'abflss[Us1※3d5'ePSulll

260 2134 320 2159 me
369 2135 505 2160 omnes
561 2126 822 2171 cogitationes

259 2193 406 2221 eorum.
429 2183 467 2218 in
488 2184 645 2219 malum.

306 2260 342 2294 7.
378 2259 660 2296 Inhabitabunt
687 2265 724 2297 et
752 2262 820 2298 ab-

259 2319 449 2354 scondent
490 2331 497 2354 :
536 2319 556 2339 *
587 2320 661 2366 ipsi
695 2321 821 2357 calca-

260 2388 375 2413 neum
398 2389 524 2414 meum
538 2380 818 2416 observabunt.

259 2436 370 2472 Sicut
416 2438 697 2476 sustinuerunt
734 2441 820 2476 ani—

260 2505 358 2530 mam
393 2507 530 2532 meam.

306 2572 343 2607 8.
372 2573 443 2608 Pro
465 2574 588 2609 nihilo
606 2575 735 2612 salvos
770 2577 819 2612 fa-

259 2630 338 2665 cies
353 2630 441 2666 illos
460 2644 466 2666 :
485 2632 556 2667 *in
580 2633 636 2669 ira
658 2635 821 2680 populos

260 2689 625 2735 confringes,l)eus.

306 2764 344 2800 9.
378 2765 503 2800 Vitam
528 2778 648 2803 meam
669 2779 820 2805 annun-

263 2822 354 2857 tiavi
371 2823 440 2858 tibi
457 2836 463 2858 :
482 2824 500 2843 ξ*
513 2827 679 2869 posuisti
698 2828 819 2875 lacry*

263 2891 343 2916 nias
380 2893 484 2918 meas
526 2884 564 2918 in
608 2892 820 2932 conspectu

264 2943 340 2974 tuo.
377 2941 486 2976 Sicut
517 2945 553 2977 et
588 2943 626 2977 in
659 2947 819 2989 promise

261 2998 371 3034 sione
394 3003 459 3034 tua
483 3012 489 3034 :

313 3074 367 3109 10.
396 3076 500 3109 Tunc
541 3083 822 3116 convertentur

262 3133 409 3168 inimici
432 3135 505 3170 mei
525 3139 754 3172 retrorsum.
780 3141 820 3174 ln

1291 659 1584 699 PRAECENTom
1618 675 1626 699 :

892 723 1021 751 sunan
1068 724 1086 747 α
1136 711 1336 751 COLUMBA
1370 724 1727 753 TEREBINTHORUM
1770 726 2027 762 LoNGmQuA—

998 776 1088 804 RUM
1109 777 1144 810 n,
1169 777 1333 804 ΜιΚτΑΜ
1357 778 1498 814 mvn),
1523 778 1565 805 lN
1582 779 1772 806 ΤΕΝΕΝῡο
1793 779 1920 807 IPSUM

1212 818 1495 865 Pfflmsmssos,
1513 831 1555 859 IN
1577 820 1706 860 Gna.
2028 845 2044 861 ι

1454 947 1469 985 I

895 1051 1102 1091 Miserere
1120 1052 1783 1103 mei‚Deus‚quoniaminhiatin
1797 1064 1866 1092 me
1878 1053 2025 1100 homo,

948 1115 1033 1150 tota
1057 1112 1126 1150 die
1148 1111 1416 1162 impugnans
1435 1112 1649 1162 opprimit
1673 1123 1756 1161 me,

895 1175 1071 1216 Inhiant
1091 1176 1264 1216 inimici
1288 1176 1372 1216 mei
1397 1180 1484 1216 tota
1512 1176 1598 1224 die,

948 1247 1048 1275 vere
1071 1236 1198 1275 multi
1228 1234 1364 1287 [sunt]
1387 1236 1701 1286 impugnantes
1725 1248 1794 1276 me
1815 1237 1899 1286 [de]
1923 1236 2024 1277 alto.

897 1301 981 1340 Sed
1005 1301 1076 1340 die
1100 1302 1216 1351 [qua]
1239 1301 1374 1341 timeo

950 1371 1027 1411 ego
1050 1360 1095 1398 in
1126 1365 1165 1400 te
1189 1359 1343 1411 spero!

899 1486 975 1522 Per
998 1487 1121 1522 Deum
1142 1481 1381 1535 ylorifieabo
1403 1482 1570 1523 verbum
1591 1485 1676 1535 ejus
1696 1484 1759 1535 (¹),

950 1544 995 1582 in
1018 1547 1095 1582 Deo
1115 1555 1246 1594 spero,

896 1611 986 1646 Non
1008 1611 1128 1648 timeo
1152 1621 1159 1647 ε

949 1667 1048 1720 quid
1065 1666 1217 1719 faceret
1238 1680 1334 1707 caro
1360 1665 1462 1707 motin·
1480 1671 1492 1707 Ι

1443 1805 1479 1844 11

897 1915 997 1954 Tota
1019 1915 1088 1955 die
1109 1921 1228 1965 gesta
1252 1928 1346 1955 mea
1368 1917 1693 1964 abominantur,
1744 1916 1808 1968 [in
1830 1917 2023 1956 malum:

950 1979 1098 2012 eontra
1123 1985 1190 2013 me
1220 1974 1353 2025 ssunt]
1387 1987 1539 2014 omnes
1561 1976 1849 2026 cogitationes
1872 1986 2024 2015 eorum

898 2039 951 2077 Se
972 2044 1255 2089 congregant,
1292 2050 1336 2078 se
1366 2040 1643 2080 abscondunt
1680 2055 1687 2080 :
1723 2040 1807 2090 ipsi
1841 2051 2019 2090 gressus

1550 2099 1687 2151 {meos
1709 2100 2022 2149 insequuntur,

948 2157 1126 2206 quando
1157 2156 1335 2207 quidem
1362 2163 1595 2209 expectant
1617 2158 1811 2198 animam
1835 2169 1991 2197 meam.

896 2221 1077 2271 Propter
1098 2221 1380 2272 iniquitatem
1405 2223 1451 2273 (²)
1475 2224 1668 2263 retribue
1691 2223 1767 2263 eis.

948 2279 994 2318 iu
1021 2280 1084 2319 ira
1108 2281 1292 2331 populos
1313 2282 1466 2333 dejice,
1490 2294 1514 2321 0
1535 2281 1675 2322 Deus!

897 2399 992 2453 [Per
1026 2407 1161 2443 Deum
1181 2402 1422 2456 qlorz'fzcabo
1442 2405 1606 2445 verbum
1630 2404 1732 2458 ejus]

895 2460 906 2512 [
967 2462 1006 2500 in
1032 2465 1109 2502 Deo
1128 2475 1260 2514 spero,
1721 2464 1732 2516 ]

897 2524 907 2577 [
916 2529 1002 2564 Non
1025 2529 1144 2566 timeo
1162 2539 1173 2567 .·
1723 2528 1734 2582 ]

897 2583 907 2636 [
966 2586 1065 2638 quid
1080 2584 1233 2638 faceret
1253 2599 1348 2626 caro
1371 2584 1471 2627 mihi
1488 2590 1505 2626 P
1722 2587 1733 2640 J

1435 2723 1490 2762 111

895 2832 1051 2882 Vagari
1077 2843 1238 2881 meum,
1259 2833 1550 2875 dinumerasti
1573 2835 1681 2875 illud
1700 2841 1745 2875 tu
1768 2851 1776 2875 :

952 2891 1119 2940 positus
1149 2896 1212 2931 est
1239 2892 1366 2932 fletus
1396 2904 1520 2933 meus
1541 2895 1586 2933 in
1605 2899 1700 2934 utre
1722 2899 1810 2940 tuo,

953 2966 1100 2994 nonne
1125 2954 1207 3006 [est
1229 2955 1326 3008 hoc]
1349 2958 1394 2997 in
1419 2958 1530 2997 libro
1554 2963 1628 2998 tuo
1648 2958 1670 2997 ‘2

899 3019 1067 3070 ἰἰςζίῑυΓ]
1094 3025 1199 3060 tunc
1226 3027 1536 3061 convertentur
1564 3022 1733 3062 inimici
1756 3023 1839 3062 mei
1869 3027 2027 3062 retror-

1397 3079 1511 3131 [sum
1543 3081 1587 3120 in
1608 3082 1678 3121 die
1701 3080 1819 3133 [qua]
1842 3081 2022 3128 invoco;

952 3136 1032 3175 hoc
1054 3138 1158 3182 scio,
1183 3138 1286 3188 quia
1307 3140 1420 3179 Deus
1443 3140 1551 3178 mihi
1575 3139 1756 3191 [adestll

323 3258 366 3295 (1)
392 3257 477 3288 Vers
499 3267 595 3289 assez
610 3263 762 3299 suspect,
779 3263 813 3292 et
834 3271 915 3293 sans
935 3264 1107 3304 analogue
1123 3266 1280 3298 ailleurs.
