2243 3568
1017 198 1255 238 -336—

248 325 412 366 voulues
432 336 536 375 pour
559 325 597 363 ta
618 324 781 374 strophe
812 326 1030 368 suwame;
1054 321 1093 361 la
1117 322 1371 374 preposition
1405 322 1515 368 min,
1538 335 1577 370 a,
1610 335 1678 367 ex,
1702 324 1801 374 jone
1838 321 1872 362 le
1896 323 2018 363 meme

245 393 710 436 rote-imvne'dz'atemem
742 393 888 444 apres;
919 391 972 433 les
1005 405 1131 439 num,
1167 394 1360 441 samech,
1402 398 1503 442 ‘a'in‚
1542 394 1639 445 phe,
1665 395 1768 434 sade
1789 399 1882 433 sont
1906 405 2019 433 assez

249 469 378 507 varies
397 481 404 515 ;
424 466 498 517 (Ῑοί
515 471 573 505 est
593 464 776 514 compos-‘3'
791 464 837 503 de
858 468 961 503 mols
980 464 1133 515 repetes
1147 462 1254 503 deux
1267 465 1293 504 ὰ
1307 463 1437 511 deum
1458 467 1527 504 res
1542 466 1668 517 etrsin
1688 470 1779 504 sont
1802 467 1962 513 varies;
1982 465 2018 504 la

245 535 409 589 strophe
427 538 528 577 tbav
546 542 604 575 est
619 533 790 574 obzenue
808 534 928 585 arctoe
949 536 975 575 ct
994 539 1079 586 sept
1100 533 1235 574 vertes
1250 533 1382 584 places
1398 534 1719 587 unilbrme'mem
1738 536 1764 576 ίι
1786 535 1977 588 Populus,
1995 538 2020 576 ὰ

245 609 283 649 [α
305 607 435 660 forme
457 607 582 658 tiqtol
602 622 610 646 :
639 617 700 645 ces
719 605 920 657 procedes,
945 617 998 645 οη
1021 603 1054 645 le
1074 606 1174 654 voit,
1194 611 1289 646 sont
1309 590 1423 645 asse:
1442 606 1764 646 rudimentaires
1784 612 1822 646 et
1843 605 2017 658 vz'itnplc'<

244 686 371 734 quent
386 691 458 732 pas
481 676 534 718 les
554 675 722 717 subtiles
749 674 980 716 recherches
1002 677 1069 716 des
1088 677 1246 729 poemes
1267 675 1573 731 alphabetz'ques
1591 675 1736 716 arabes
1754 689 1806 717 on
1835 677 1881 717 de
1910 677 2019 717 leurs

429 802 616 843 CXVUI.

291 901 436 934 Aemi.
464 898 498 934 1.
533 897 638 932 Beati
671 897 808 931 imma-

241 947 359 983 culati
380 947 417 981 in
436 946 519 981 via:
545 945 563 963 *
584 945 651 990 qui
669 944 808 979 ambu-

242 996 324 1031 lant
347 994 385 1029 in
409 994 492 1039 lege
523 991 688 1027 Domini.

289 1043 321 1077 2.
347 1041 465 1079 Beati,
489 1040 555 1085 qui
575 1041 807 1074 scrutantur

244 1088 470 1126 testimonia
492 1085 600 1132 ejus:
628 1087 646 1105 ³*
667 1087 705 1121 in
727 1089 807 1121 toto

240 1138 354 1173 corde
376 1135 592 1181 exquirunt
613 1144 719 1170 eum.

287 1186 320 1219 3.
341 1184 422 1218 Non
439 1183 542 1218 enim
559 1182 625 1227 qui
644 1191 803 1226 operan-

244 1230 600 1275 tur,iniquitaten1‚
621 1229 638 1247 κ
665 1229 703 1263 in
732 1228 807 1264 viis

241 1278 326 1325 ejus
351 1278 669 1313 ambulaverunt.

290 1327 324 1361 4.
352 1326 405 1360 Tu
438 1323 670 1360 mandasti*
695 1333 806 1358 man-

241 1375 330 1410 data
361 1377 424 1408 tua
447 1371 637 1407 custodiri
664 1371 800 1406 nimis.

288 1422 325 1456 55.
380 1420 533 1455 [Vtinam
579 1418 806 1464 dirigantur

242 1469 314 1503 vite
339 1478 446 1504 meze,
470 1467 488 1485 ᾗ
512 1467 560 1501 ad
578 1465 806 1501 eustodien-

241 1516 310 1551 das
336 1513 643 1560 justificationes
665 1516 752 1548 tuas
774 1512 780 1547 1

288 1565 324 1597 o.
369 1563 475 1596 Tunc
517 1572 592 1596 non
638 1561 805 1595 contun—

241 1611 324 1647 dar.
348 1610 364 1627 '¹‘
391 1619 477 1644 rum
502 1618 738 1654 perspexero
767 1607 804 1642 in

241 1656 643 1692 omnibus'mandatis
664 1655 756 1690 tuis.

288 1706 321 1740 7.
347 1704 572 1740 (lontitebor
591 1703 660 1738 tibi
685 1702 723 1736 in
745 1701 805 1738 di-

242 1752 414 1787 rectione
449 1751 592 1787 cordis,
629 1750 648 1769 *
688 1750 725 1784 in
763 1760 806 1784 eo

241 1800 343 1844 quod
368 1798 485 1833 didici
515 1796 661 1843 judicia
686 1795 804 1842 Justi-

242 1847 305 1882 tia·
331 1849 419 1880 tuw.

287 1897 325 1928 8.
370 1891 683 1927 Justitieationes
719 1894 805 1925 tuas

240 1941 458 1975 custodiam
479 1950 486 1974 :
511 1939 528 1957 ²*
552 1949 629 1973 non
658 1948 717 1973 me
738 1938 803 1973 de-

242 1988 443 2032 relinquas
463 1995 756 2030 usquequaque.

290 2036 404 2069 ssssrn.
428 2034 461 2069 o.
488 2034 528 2067 ln
548 2044 624 2077 quo
642 2032 806 2077 corrigit

239 2079 599 2125 adolescentjior
679 2079 804 2114 viam

241 2140 350 2164 suam
374 2128 393 2163 -J
420 2129 436 2146 ³⁶
474 2129 513 2162 ln
547 2127 806 2161 eustodiendo

240 2186 442 2211 sermones
467 2179 566 2211 tuos.

275 2224 343 2259 -ῑΟ,
381 2224 422 2258 ln
461 2226 541 2258 toto
576 2221 691 2256 corde
722 2231 805 2256 ineo

239 2270 434 2316 exquisivi
469 2273 531 2305 te:
561 2268 578 2287 ’β
604 2279 651 2303 ne
679 2268 803 2313 repet-

240 2318 297 2353 las
319 2328 379 2353 me
399 2328 419 2352 a
443 2316 638 2352 mandatis
663 2315 755 2350 tuis.

287 2365 348 2401 11.
386 2366 426 2400 ln
455 2365 570 2400 corde
601 2372 684 2398 meo
713 2362 803 2398 abs-

239 2412 352 2447 condi
388 2412 540 2457 eloquia
579 2413 669 2452 tua;
707 2410 724 2428 ᾗ
763 2413 803 2445 ut

241 2471 316 2494 non
340 2470 491 2505 peccem
514 2459 597 2494 tibi.

294 2507 343 2541 12.
380 2507 613 2542 Benedictus
641 2515 695 2542 es,
731 2505 803 2538 t)o-

242 2555 368 2589 mine:
400 2555 416 2572 Ὗ
442 2555 535 2589 doce
567 2563 624 2587 ine
653 2550 802 2597 justiti—

240 2602 413 2637 eationes
440 2604 540 2636 tuas.

289 2649 347 2684 13.
395 2650 434 2683 ln
476 2648 591 2683 labiis
632 2646 741 2685 meis,

242 2696 492 2740 pronuntiavi
509 2694 637 2730 omnia
656 2691 800 2738 judicia

240 2743 319 2777 oris
343 2743 412 2777 tui.

288 2790 343 2824 114.
360 2791 401 2824 ln
413 2790 472 2824 via
487 2788 800 2825 testimoniorum

242 2840 396 2871 tuorum
416 2837 633 2871 delectatus
655 2845 756 2871 sum,
782 2834 800 2852 '⁸

241 2884 342 2918 sicut
367 2884 404 2918 in
423 2883 606 2918 omnibus
626 2881 796 2917 divitiis.

294 2931 347 2965 tii.
402 2932 441 2964 ln
486 2929 680 2964 mandatis
724 2928 802 2963 tuis

241 2978 474 3013 exercebor:
505 2978 522 2995 ³*
556 2979 593 3011 et
623 2975 802 3010 conside—

242 3025 334 3059 rabo
353 3025 435 3059 vias
460 3027 545 3058 tuas
567 3035 573 3057 2

294 3072 348 3106 iti.
384 3073 424 3106 ln
449 3069 802 3115 justificationibus

243 3119 321 3154 tuis
361 3117 578 3153 meditabor
603 3128 609 3151 :
658 3117 675 3133 '⁸
726 3126 801 3149 non

240 3165 451 3200 obliviscar
479 3173 680 3199 sermones
700 3165 800 3197 tuos.

288 3213 427 3248 Ginai„
447 3211 501 3245 17.
519 3210 703 3245 Retribue
725 3219 801 3244 ser*

767 2646 785 2664 a*

242 3270 288 3294 vo
316 3262 395 3295 tuo,
425 3258 580 3293 vivitica
608 3267 667 3291 me
691 3268 697 3290 :
722 3259 743 3274 ³*
766 3258 804 3290 et

241 3306 458 3341 custodiam
478 3313 679 3339 sermones
700 3306 800 3337 tuos.

1295 801 1403 853 [susa
1431 800 1611 853 T1TULo.]

885 910 910 938 s
967 897 1268 937 Beatitudines
1291 896 1583 947 perfectorum
1608 897 1716 942 viae,

1018 961 1344 1001 ambulantium
1367 961 1413 1000 in
1435 962 1529 1011 lege
1549 961 1739 1001 Jehovae
1763 960 1771 999 1
2019 1001 2022 1003 Α

964 1026 1263 1066 Beatitudines
1284 1025 1632 1067 custodientium
1655 1025 1904 1066 testimonia
1923 1026 2016 1077 ejus

1015 1090 1125 1143 [qui]
1149 1091 1195 1131 in
1217 1095 1306 1132 toto
1327 1092 1457 1131 corde
1478 1096 1702 1142 quaerunt
1724 1103 1823 1131 eum
1846 1090 1854 1131 1

963 1157 1159 1197 Profecto
1180 1168 1269 1196 non
1291 1161 1531 1207 operantur
1551 1157 1846 1208 iniquitatem,

1016 1222 1063 1261 in
1083 1222 1168 1262 viis
1189 1222 1284 1273 ejus
1305 1222 1535 1261 ambulant
1557 1234 1566 1268 3

962 1288 1022 1327 Tu
1044 1287 1213 1338 jussisti
1237 1287 1443 1327 mandata
1465 1292 1537 1326 tua

1014 1353 1068 1392 ad
1091 1352 1432 1392 custodiendum
1457 1352 1535 1404 [ea]
1558 1353 1688 1391 valde
1713 1366 1721 1397 ;

962 1417 1135 1458 Utinam
1161 1418 1481 1457 confirmentur
1501 1417 1595 1456 viae
1618 1428 1737 1456 meae

1014 1484 1066 1522 ad
1091 1482 1431 1522 custodiendum
1456 1483 1572 1533 leges
1594 1487 1690 1521 tuas
1712 1496 1720 1530 ;

961 1549 1082 1588 Tunc
1103 1559 1191 1587 non
1215 1547 1470 1587 erubescam

1013 1614 1060 1653 in
1074 1613 1353 1664 respiciendo
1373 1624 1440 1651 me
1454 1624 1606 1652 versus
1622 1611 1772 1652 omnia
1785 1616 2016 1663 praecepta
2077 1661 2080 1664 ⁴

962 1678 1223 1718 Glorificabo
1244 1682 1285 1717 te
1307 1677 1352 1716 in
1374 1677 1639 1717 rectitudine
1661 1677 1822 1725 cordis,
1907 1676 2013 1727 [tua,

1014 1744 1061 1783 in
1083 1744 1293 1784 discendo
1316 1754 1384 1782 me
1405 1742 1569 1793 Judicia
1590 1742 1786 1793 justitiae
1807 1746 1934 1790 tuae3

962 1809 1095 1860 Leges
1117 1814 1214 1849 tuas
1236 1807 1497 1855 custodiam,

1014 1885 1068 1914 ne
1085 1873 1369 1924 derelinquas
1392 1884 1460 1911 me
1483 1883 1622 1922 usque
1645 1872 1838 1912 multum
1863 1870 1870 1909 1

964 2052 1010 2090 ln
1030 2062 1117 2101 quo
1140 2050 1343 2101 puriticat
1364 2050 1620 2089 adolescens
1641 2049 1757 2089 viam
1781 2060 1904 2088 suam
1928 2048 1949 2087 ἱ)

1014 2116 1059 2155 in
1081 2116 1356 2155 observando
1378 2115 1622 2154 secundum
1644 2113 1830 2153 verbum
1853 2117 1978 2152 tuum
2003 2128 2011 2159 ;

960 2182 1008 2221 In
1031 2186 1118 2220 toto
1139 2181 1270 2220 corde
1291 2191 1456 2230 quaero
1476 2184 1532 2227 te,

1013 2258 1067 2286 ne
1089 2245 1223 2285 facias
1246 2255 1392 2284 errare
1412 2255 1481 2283 me
1502 2255 1525 2283 a
1548 2243 1767 2283 mandatis
1788 2243 1876 2282 tuis
1895 2257 1903 2291 ;

961 2312 1007 2351 In
1029 2311 1162 2351 corde
1184 2321 1281 2348 meo
1302 2309 1523 2348 abscondo
1545 2308 1728 2347 verbum
1745 2312 1870 2347 tuum

1016 2381 1062 2416 ut
1083 2387 1171 2415 non
1194 2386 1368 2426 peccem
1391 2379 1543 2413 contra
1565 2378 1605 2413 te
1631 2386 1639 2420 ;

960 2441 1222 2482 Benedictus
1245 2445 1290 2479 tu
1310 2436 1401 2488 [sis]
1424 2439 1603 2486 Jehova,

1012 2507 1117 2546 doce
1142 2517 1211 2545 me
1233 2505 1351 2555 leges
1372 2508 1469 2544 tuas
1493 2518 1501 2551 ;

960 2573 1007 2612 In
1029 2571 1160 2611 labiis
1187 2570 1296 2610 meis
1318 2580 1530 2609 enumero

1010 2637 1159 2677 omnia
1182 2635 1347 2687 judicia
1368 2634 1458 2674 oris
1480 2634 1539 2673 tui
1564 2648 1572 2680 ;

959 2703 1006 2742 ln
1029 2702 1095 2741 via
1117 2700 1473 2740 testimoniorum
1498 2703 1675 2737 tuorum
1698 2697 1891 2736 delector

1010 2767 1124 2806 sicut
1139 2777 1273 2815 super
1292 2775 1468 2804 omnem
1493 2763 1715 2802 fortunam
1735 2776 1743 2810 ;

957 2833 1005 2872 In
1027 2831 1246 2871 mandatis
1264 2829 1352 2870 tuis
1373 2828 1563 2868 meditor

1013 2902 1053 2936 et
1075 2895 1308 2937 considero
1330 2893 1422 2933 vias
1445 2898 1556 2938 tuas,

958 2963 1005 3001 In
1028 2961 1199 3012 legibus
1218 2959 1306 3000 tuis
1327 2959 1520 2999 delector

1011 3038 1099 3066 non
1120 3025 1357 3065 obliviscor
1378 3023 1560 3063 verbum
1583 3020 1736 3062 tuum!

960 3220 1168 3259 Retribue
1190 3229 1323 3269 super
1345 3228 1520 3257 servum
1545 3220 1670 3255 tuum
1693 3214 1772 3264 [ut]
1797 3213 1937 3266 vivam

1010 3288 1048 3322 et
1073 3282 1319 3322 custodiam
1345 3281 1525 3321 verbum
1549 3284 1674 3319 tuum
1697 3294 1706 3326 ;
