<?xml version="1.0" encoding="UTF-8"?>
<!DOCTYPE html PUBLIC "-//W3C//DTD XHTML 1.0 Transitional//EN"
    "http://www.w3.org/TR/xhtml1/DTD/xhtml1-transitional.dtd">
<html xmlns="http://www.w3.org/1999/xhtml" xml:lang="en" lang="en">
 <head>
  <title>
</title>
<meta http-equiv="Content-Type" content="text/html;charset=utf-8" />
  <meta name='ocr-system' content='tesseract 3.04.00' />
  <meta name='ocr-capabilities' content='ocr_page ocr_carea ocr_par ocr_line ocrx_word'/>
</head>
<body>
  <div class='ocr_page' id='page_1' title='image "./psalteriumjuxtah00pann/psalteriumjuxtah00pann_0242.png"; bbox 0 0 2243 3568; ppageno 0'>
   <div class='ocr_carea' id='block_1_1' title="bbox 1008 137 1246 175">
    <p class='ocr_par' dir='ltr' id='par_1_1' title="bbox 1008 137 1246 175">
     <span class='ocr_line' id='line_1_1' title="bbox 1008 137 1246 175; baseline 0 0"><span class='ocrx_word' id='word_1_1' title='bbox 1008 137 1246 175; x_wconf 75' lang='lat'>-208—</span> 
     </span>
    </p>
   </div>
   <div class='ocr_carea' id='block_1_2' title="bbox 1527 264 2008 312">
    <p class='ocr_par' dir='ltr' id='par_1_2' title="bbox 1527 264 2008 312">
     <span class='ocr_line' id='line_1_2' title="bbox 1527 264 2008 312; baseline 0.01 -5"><span class='ocrx_word' id='word_1_2' title='bbox 1527 264 1758 309; x_wconf 90' lang='lat' dir='ltr'><strong>PSAUME</strong></span> <span class='ocrx_word' id='word_1_3' title='bbox 1791 267 2008 312; x_wconf 86' lang='lat' dir='ltr'>LXXVII.</span> 
     </span>
    </p>
   </div>
   <div class='ocr_carea' id='block_1_3' title="bbox 235 385 2012 708">
    <p class='ocr_par' dir='ltr' id='par_1_3' title="bbox 235 385 2012 708">
     <span class='ocr_line' id='line_1_3' title="bbox 318 385 2012 451; baseline 0.008 -26"><span class='ocrx_word' id='word_1_4' title='bbox 318 391 491 426; x_wconf 78' lang='lat' dir='ltr'>Psaume</span> <span class='ocrx_word' id='word_1_5' title='bbox 526 385 717 426; x_wconf 68' lang='lat' dir='ltr'>national</span> <span class='ocrx_word' id='word_1_6' title='bbox 735 399 747 427; x_wconf 90' lang='lat'>.·</span> <span class='ocrx_word' id='word_1_7' title='bbox 779 385 1080 428; x_wconf 61' lang='lat' dir='ltr'>t’humiliacz&#39;on</span> <span class='ocrx_word' id='word_1_8' title='bbox 1104 390 1292 441; x_wconf 60' lang='lat' dir='ltr'>presence</span> <span class='ocrx_word' id='word_1_9' title='bbox 1321 391 1368 430; x_wconf 78' lang='lat' dir='ltr'>de</span> <span class='ocrx_word' id='word_1_10' title='bbox 1399 391 1521 432; x_wconf 73' lang='lat' dir='ltr'>Jacob</span> <span class='ocrx_word' id='word_1_11' title='bbox 1554 395 1719 445; x_wconf 81' lang='lat' dir='ltr'>oppose&#39;e</span> <span class='ocrx_word' id='word_1_12' title='bbox 1746 395 1771 434; x_wconf 74' lang='grc' dir='ltr'><em>ὰ</em></span> <span class='ocrx_word' id='word_1_13' title='bbox 1812 395 2012 451; x_wconf 59' lang='lat' dir='ltr'>famique</span> 
     </span>
     <span class='ocr_line' id='line_1_4' title="bbox 235 450 2010 510; baseline 0.005 -17"><span class='ocrx_word' id='word_1_14' title='bbox 235 452 362 505; x_wconf 63' lang='lat' dir='ltr'>(lloire</span> <span class='ocrx_word' id='word_1_15' title='bbox 380 451 426 492; x_wconf 80' lang='lat' dir='ltr'>de</span> <span class='ocrx_word' id='word_1_16' title='bbox 446 450 621 492; x_wconf 73' lang='lat' dir='ltr'>Yahvelz.</span> <span class='ocrx_word' id='word_1_17' title='bbox 655 455 767 492; x_wconf 69' lang='lat' dir='ltr'>Trois</span> <span class='ocrx_word' id='word_1_18' title='bbox 792 452 977 503; x_wconf 76' lang='lat' dir='ltr'>strophes</span> <span class='ocrx_word' id='word_1_19' title='bbox 997 466 1090 494; x_wconf 80' lang='lat' dir='ltr'>avec</span> <span class='ocrx_word' id='word_1_20' title='bbox 1113 456 1233 495; x_wconf 89' lang='lat' dir='ltr'>selah</span> <span class='ocrx_word' id='word_1_21' title='bbox 1254 468 1359 506; x_wconf 73' lang='lat' dir='ltr'>pour</span> <span class='ocrx_word' id='word_1_22' title='bbox 1380 456 1420 496; x_wconf 79' lang='lat' dir='ltr'>la</span> <span class='ocrx_word' id='word_1_23' title='bbox 1440 459 1637 508; x_wconf 59' lang='lat' dir='ltr'>prendere</span> <span class='ocrx_word' id='word_1_24' title='bbox 1650 461 1815 510; x_wconf 67' lang='lat' dir='ltr'>partie:</span> <span class='ocrx_word' id='word_1_25' title='bbox 1845 463 2010 502; x_wconf 62' lang='lat' dir='ltr'>invoca-</span> 
     </span>
     <span class='ocr_line' id='line_1_5' title="bbox 239 516 2010 577; baseline 0.005 -19"><span class='ocrx_word' id='word_1_26' title='bbox 239 522 340 567; x_wconf 64' lang='lat' dir='ltr'>zion,</span> <span class='ocrx_word' id='word_1_27' title='bbox 366 519 465 558; x_wconf 75' lang='lat' dir='ltr'>Dieu</span> <span class='ocrx_word' id='word_1_28' title='bbox 489 519 630 569; x_wconf 66' lang='lat' dir='ltr'>paratz</span> <span class='ocrx_word' id='word_1_29' title='bbox 656 519 775 557; x_wconf 64' lang='lat' dir='ltr'>avoir</span> <span class='ocrx_word' id='word_1_30' title='bbox 791 516 927 557; x_wconf 73' lang='lat' dir='ltr'>ouble&#39;e&#39;</span> <span class='ocrx_word' id='word_1_31' title='bbox 947 531 1007 558; x_wconf 77' lang='lat' dir='ltr'>ses</span> <span class='ocrx_word' id='word_1_32' title='bbox 1033 517 1188 566; x_wconf 67' lang='lat' dir='ltr'>bontes,</span> <span class='ocrx_word' id='word_1_33' title='bbox 1211 527 1419 561; x_wconf 75' lang='lat' dir='ltr'>contraste</span> <span class='ocrx_word' id='word_1_34' title='bbox 1438 521 1496 562; x_wconf 69' lang='lat' dir='ltr'>du</span> <span class='ocrx_word' id='word_1_35' title='bbox 1516 525 1632 574; x_wconf 71' lang='lat' dir='ltr'>passe?</span> <span class='ocrx_word' id='word_1_36' title='bbox 1647 537 1741 565; x_wconf 81' lang='lat' dir='ltr'>avec</span> <span class='ocrx_word' id='word_1_37' title='bbox 1763 524 1797 565; x_wconf 81' lang='lat' dir='ltr'>le</span> <span class='ocrx_word' id='word_1_38' title='bbox 1817 527 2010 577; x_wconf 55' lang='lat' dir='ltr'>pre&#39;senm</span> 
     </span>
     <span class='ocr_line' id='line_1_6' title="bbox 236 584 2012 644; baseline 0.005 -22"><span class='ocrx_word' id='word_1_39' title='bbox 236 596 324 623; x_wconf 74' lang='lat' dir='ltr'>vers</span> <span class='ocrx_word' id='word_1_40' title='bbox 357 584 401 622; x_wconf 81' lang='lat' dir='ltr'>de</span> <span class='ocrx_word' id='word_1_41' title='bbox 436 584 461 621; x_wconf 81' lang='lat'><em>3</em></span> <span class='ocrx_word' id='word_1_42' title='bbox 500 586 541 625; x_wconf 87' lang='grc'>-1-</span> <span class='ocrx_word' id='word_1_43' title='bbox 580 584 605 621; x_wconf 86' lang='grc'><em>3</em></span> <span class='ocrx_word' id='word_1_44' title='bbox 637 588 812 622; x_wconf 81' lang='lat' dir='ltr'>accents.</span> <span class='ocrx_word' id='word_1_45' title='bbox 843 605 892 611; x_wconf 95' lang='lat'>—-</span> <span class='ocrx_word' id='word_1_46' title='bbox 934 584 1150 624; x_wconf 61' lang='lat' dir='ltr'>Deuca-ieme</span> <span class='ocrx_word' id='word_1_47' title='bbox 1185 587 1317 636; x_wconf 71' lang='lat' dir='ltr'>partie</span> <span class='ocrx_word' id='word_1_48' title='bbox 1366 586 1605 639; x_wconf 68' lang='lat' dir='ltr'>incomplete</span> <span class='ocrx_word' id='word_1_49' title='bbox 1647 595 1683 628; x_wconf 75' lang='lat' dir='ltr'>et</span> <span class='ocrx_word' id='word_1_50' title='bbox 1720 589 2012 644; x_wconf 61' lang='lat' dir='ltr'>bru-§quemenc</span> 
     </span>
     <span class='ocr_line' id='line_1_7' title="bbox 236 646 2007 708; baseline 0.005 -20"><span class='ocrx_word' id='word_1_51' title='bbox 236 646 476 700; x_wconf 71' lang='lat' dir='ltr'>suspendae,</span> <span class='ocrx_word' id='word_1_52' title='bbox 497 647 598 687; x_wconf 75' lang='lat' dir='ltr'>d&#39;un</span> <span class='ocrx_word' id='word_1_53' title='bbox 621 647 746 686; x_wconf 67' lang='lat' dir='ltr'>melre</span> <span class='ocrx_word' id='word_1_54' title='bbox 777 652 867 686; x_wconf 80' lang='lat' dir='ltr'>tout</span> <span class='ocrx_word' id='word_1_55' title='bbox 897 646 1102 700; x_wconf 63' lang='lat' dir='ltr'>different,</span> <span class='ocrx_word' id='word_1_56' title='bbox 1130 650 1233 690; x_wconf 64' lang='grc' dir='ltr'>νόθα</span> <span class='ocrx_word' id='word_1_57' title='bbox 1265 651 1311 691; x_wconf 88' lang='lat' dir='ltr'>de</span> <span class='ocrx_word' id='word_1_58' title='bbox 1343 650 1382 691; x_wconf 79' lang='lat' dir='ltr'>la</span> <span class='ocrx_word' id='word_1_59' title='bbox 1411 656 1537 693; x_wconf 59' lang='lat' dir='ltr'>sorti&amp;</span> <span class='ocrx_word' id='word_1_60' title='bbox 1567 652 1759 708; x_wconf 71' lang='lat' dir='ltr'>d&#39;qupte</span> <span class='ocrx_word' id='word_1_61' title='bbox 1786 668 1835 695; x_wconf 80' lang='lat' dir='ltr'>en</span> <span class='ocrx_word' id='word_1_62' title='bbox 1865 661 2007 697; x_wconf 79' lang='lat' dir='ltr'>tercets</span> 
     </span>
    </p>
   </div>
   <div class='ocr_carea' id='block_1_4' title="bbox 236 763 802 909">
    <p class='ocr_par' dir='ltr' id='par_1_4' title="bbox 236 763 802 909">
     <span class='ocr_line' id='line_1_8' title="bbox 290 763 799 811; baseline -0.002 -9"><span class='ocrx_word' id='word_1_63' title='bbox 290 763 530 802; x_wconf 84' lang='lat' dir='ltr'>LXXVI.—</span> <span class='ocrx_word' id='word_1_64' title='bbox 545 763 580 802; x_wconf 77' lang='grc' dir='ltr'>ι1.</span> <span class='ocrx_word' id='word_1_65' title='bbox 597 763 641 802; x_wconf 82' lang='grc' dir='ltr'>ΙΝ</span> <span class='ocrx_word' id='word_1_66' title='bbox 658 774 799 811; x_wconf 73' lang='lat' dir='ltr'>FINEM,</span> 
     </span>
     <span class='ocr_line' id='line_1_9' title="bbox 237 817 802 864; baseline 0.004 -10"><span class='ocrx_word' id='word_1_67' title='bbox 237 828 317 855; x_wconf 73' lang='lat' dir='ltr'>PRO</span> <span class='ocrx_word' id='word_1_68' title='bbox 366 817 556 864; x_wconf 63' lang='lat' dir='ltr'>[ninum5</span> <span class='ocrx_word' id='word_1_69' title='bbox 616 828 802 856; x_wconf 75' lang='lat' dir='ltr'>PSALMUS</span> 
     </span>
     <span class='ocr_line' id='line_1_10' title="bbox 236 871 549 909; baseline 0.006 -1"><span class='ocrx_word' id='word_1_70' title='bbox 236 871 396 909; x_wconf 78' lang='grc' dir='ltr'>Α5ΑΡ11.</span> <span class='ocrx_word' id='word_1_71' title='bbox 545 883 549 886; x_wconf 91' lang='grc'><em>·</em></span> 
     </span>
    </p>
   </div>
   <div class='ocr_carea' id='block_1_5' title="bbox 234 994 801 3297">
    <p class='ocr_par' dir='ltr' id='par_1_5' title="bbox 234 994 801 1127">
     <span class='ocr_line' id='line_1_11' title="bbox 281 994 801 1029; baseline -0.002 -1"><span class='ocrx_word' id='word_1_72' title='bbox 281 994 314 1028; x_wconf 72' lang='lat'>⁶2.</span> <span class='ocrx_word' id='word_1_73' title='bbox 340 995 438 1029; x_wconf 89' lang='lat' dir='ltr'>Voce</span> <span class='ocrx_word' id='word_1_74' title='bbox 475 1004 558 1029; x_wconf 89' lang='lat' dir='ltr'>mea</span> <span class='ocrx_word' id='word_1_75' title='bbox 585 994 634 1029; x_wconf 92' lang='lat' dir='ltr'>ad</span> <span class='ocrx_word' id='word_1_76' title='bbox 673 994 801 1029; x_wconf 87' lang='lat' dir='ltr'>Domi-</span> 
     </span>
     <span class='ocr_line' id='line_1_12' title="bbox 236 1041 800 1080; baseline 0 -4"><span class='ocrx_word' id='word_1_77' title='bbox 236 1052 330 1076; x_wconf 91' lang='lat' dir='ltr'>num</span> <span class='ocrx_word' id='word_1_78' title='bbox 351 1041 516 1077; x_wconf 82' lang='lat' dir='ltr'>clamavi</span> <span class='ocrx_word' id='word_1_79' title='bbox 534 1054 540 1080; x_wconf 75' lang='lat'><em>3</em></span> <span class='ocrx_word' id='word_1_80' title='bbox 565 1041 585 1060; x_wconf 44' lang='grc' dir='ltr'>ἦε</span> <span class='ocrx_word' id='word_1_81' title='bbox 604 1052 696 1076; x_wconf 90' lang='lat' dir='ltr'>voce</span> <span class='ocrx_word' id='word_1_82' title='bbox 717 1052 800 1076; x_wconf 82' lang='lat' dir='ltr'>mea</span> 
     </span>
     <span class='ocr_line' id='line_1_13' title="bbox 234 1089 798 1127; baseline -0.002 -3"><span class='ocrx_word' id='word_1_83' title='bbox 234 1089 283 1124; x_wconf 90' lang='lat' dir='ltr'>ad</span> <span class='ocrx_word' id='word_1_84' title='bbox 301 1090 432 1127; x_wconf 82' lang='lat' dir='ltr'>Deum,</span> <span class='ocrx_word' id='word_1_85' title='bbox 448 1092 486 1124; x_wconf 91' lang='lat' dir='ltr'>et</span> <span class='ocrx_word' id='word_1_86' title='bbox 502 1089 674 1124; x_wconf 78' lang='lat' dir='ltr'>intendit</span> <span class='ocrx_word' id='word_1_87' title='bbox 690 1089 798 1123; x_wconf 88' lang='lat' dir='ltr'>mihi.</span> 
     </span>
    </p>

    <p class='ocr_par' dir='ltr' id='par_1_6' title="bbox 235 1136 801 1412">
     <span class='ocr_line' id='line_1_14' title="bbox 282 1136 800 1172; baseline 0.002 -1"><span class='ocrx_word' id='word_1_88' title='bbox 282 1136 316 1171; x_wconf 87' lang='lat'>3.</span> <span class='ocrx_word' id='word_1_89' title='bbox 340 1137 382 1171; x_wconf 93' lang='lat' dir='ltr'>In</span> <span class='ocrx_word' id='word_1_90' title='bbox 422 1136 484 1172; x_wconf 92' lang='lat' dir='ltr'>die</span> <span class='ocrx_word' id='word_1_91' title='bbox 528 1136 800 1172; x_wconf 83' lang='lat' dir='ltr'>tribulationis</span> 
     </span>
     <span class='ocr_line' id='line_1_15' title="bbox 236 1183 800 1228; baseline 0.002 -10"><span class='ocrx_word' id='word_1_92' title='bbox 236 1195 330 1219; x_wconf 62' lang='lat' dir='ltr'>meze</span> <span class='ocrx_word' id='word_1_93' title='bbox 353 1185 470 1219; x_wconf 89' lang='lat' dir='ltr'>Deum</span> <span class='ocrx_word' id='word_1_94' title='bbox 487 1183 697 1228; x_wconf 73' lang='lat' dir='ltr'>exquisivi,</span> <span class='ocrx_word' id='word_1_95' title='bbox 719 1195 800 1219; x_wconf 79' lang='lat' dir='ltr'>ma-</span> 
     </span>
     <span class='ocr_line' id='line_1_16' title="bbox 236 1231 801 1267; baseline -0.002 -1"><span class='ocrx_word' id='word_1_96' title='bbox 236 1232 353 1267; x_wconf 89' lang='lat' dir='ltr'>nibus</span> <span class='ocrx_word' id='word_1_97' title='bbox 382 1231 479 1266; x_wconf 89' lang='lat' dir='ltr'>meis</span> <span class='ocrx_word' id='word_1_98' title='bbox 512 1234 625 1266; x_wconf 86' lang='lat' dir='ltr'>nocte</span> <span class='ocrx_word' id='word_1_99' title='bbox 664 1234 801 1266; x_wconf 85' lang='lat' dir='ltr'>contra</span> 
     </span>
     <span class='ocr_line' id='line_1_17' title="bbox 235 1279 798 1323; baseline -0.002 -9"><span class='ocrx_word' id='word_1_100' title='bbox 235 1290 336 1319; x_wconf 85' lang='lat' dir='ltr'>eum:</span> <span class='ocrx_word' id='word_1_101' title='bbox 352 1282 389 1314; x_wconf 86' lang='lat' dir='ltr'>et</span> <span class='ocrx_word' id='word_1_102' title='bbox 402 1289 478 1313; x_wconf 90' lang='lat' dir='ltr'>non</span> <span class='ocrx_word' id='word_1_103' title='bbox 494 1289 580 1313; x_wconf 92' lang='lat' dir='ltr'>sum</span> <span class='ocrx_word' id='word_1_104' title='bbox 598 1279 798 1323; x_wconf 86' lang='lat' dir='ltr'>deceptus.</span> 
     </span>
     <span class='ocr_line' id='line_1_18' title="bbox 239 1326 801 1362; baseline 0.002 -1"><span class='ocrx_word' id='word_1_105' title='bbox 239 1327 380 1362; x_wconf 74' lang='lat' dir='ltr'>Renuit</span> <span class='ocrx_word' id='word_1_106' title='bbox 419 1326 614 1361; x_wconf 88' lang='lat' dir='ltr'>consolari</span> <span class='ocrx_word' id='word_1_107' title='bbox 671 1326 801 1362; x_wconf 89' lang='lat' dir='ltr'>anima</span> 
     </span>
     <span class='ocr_line' id='line_1_19' title="bbox 235 1384 349 1412; baseline 0.026 -3"><span class='ocrx_word' id='word_1_108' title='bbox 235 1384 318 1409; x_wconf 87' lang='lat' dir='ltr'>mea</span> <span class='ocrx_word' id='word_1_109' title='bbox 342 1385 349 1412; x_wconf 69' lang='grc' dir='ltr'>ζ</span> 
     </span>
    </p>

    <p class='ocr_par' dir='ltr' id='par_1_7' title="bbox 236 1421 800 1599">
     <span class='ocr_line' id='line_1_20' title="bbox 283 1421 800 1457; baseline 0 -1"><span class='ocrx_word' id='word_1_110' title='bbox 283 1422 314 1456; x_wconf 81' lang='lat'>4.</span> <span class='ocrx_word' id='word_1_111' title='bbox 337 1422 483 1456; x_wconf 88' lang='lat' dir='ltr'>Memor</span> <span class='ocrx_word' id='word_1_112' title='bbox 507 1421 561 1456; x_wconf 78' lang='lat' dir='ltr'>tui</span> <span class='ocrx_word' id='word_1_113' title='bbox 582 1421 658 1457; x_wconf 80' lang='lat' dir='ltr'>Dei,</span> <span class='ocrx_word' id='word_1_114' title='bbox 682 1424 719 1455; x_wconf 89' lang='lat' dir='ltr'>et</span> <span class='ocrx_word' id='word_1_115' title='bbox 740 1421 800 1456; x_wconf 92' lang='lat' dir='ltr'>de-</span> 
     </span>
     <span class='ocr_line' id='line_1_21' title="bbox 236 1468 800 1509; baseline -0.002 -6"><span class='ocrx_word' id='word_1_116' title='bbox 236 1469 403 1504; x_wconf 88' lang='lat' dir='ltr'>lectatus</span> <span class='ocrx_word' id='word_1_117' title='bbox 437 1479 537 1509; x_wconf 79' lang='lat' dir='ltr'>sum,</span> <span class='ocrx_word' id='word_1_118' title='bbox 579 1471 617 1503; x_wconf 89' lang='lat' dir='ltr'>et</span> <span class='ocrx_word' id='word_1_119' title='bbox 649 1468 800 1503; x_wconf 87' lang='lat' dir='ltr'>exerci-</span> 
     </span>
     <span class='ocr_line' id='line_1_22' title="bbox 237 1515 800 1561; baseline -0.002 -10"><span class='ocrx_word' id='word_1_120' title='bbox 237 1519 342 1551; x_wconf 90' lang='lat' dir='ltr'>tatus</span> <span class='ocrx_word' id='word_1_121' title='bbox 361 1526 461 1555; x_wconf 79' lang='lat' dir='ltr'>sum,</span> <span class='ocrx_word' id='word_1_122' title='bbox 483 1519 520 1551; x_wconf 90' lang='lat' dir='ltr'>et</span> <span class='ocrx_word' id='word_1_123' title='bbox 553 1515 696 1552; x_wconf 81' lang='lat' dir='ltr'>defecit</span> <span class='ocrx_word' id='word_1_124' title='bbox 718 1516 800 1561; x_wconf 89' lang='lat' dir='ltr'>spi-</span> 
     </span>
     <span class='ocr_line' id='line_1_23' title="bbox 236 1563 480 1599; baseline 0 -1"><span class='ocrx_word' id='word_1_125' title='bbox 236 1563 338 1599; x_wconf 88' lang='lat' dir='ltr'>ritus</span> <span class='ocrx_word' id='word_1_126' title='bbox 357 1573 480 1598; x_wconf 87' lang='lat' dir='ltr'>meus.</span> 
     </span>
    </p>

    <p class='ocr_par' dir='ltr' id='par_1_8' title="bbox 235 1610 799 1746">
     <span class='ocr_line' id='line_1_24' title="bbox 282 1610 799 1655; baseline -0.002 -10"><span class='ocrx_word' id='word_1_127' title='bbox 282 1611 315 1646; x_wconf 77' lang='grc' dir='ltr'>ὅ.</span> <span class='ocrx_word' id='word_1_128' title='bbox 340 1610 670 1655; x_wconf 88' lang='lat' dir='ltr'>Anticipaverunt</span> <span class='ocrx_word' id='word_1_129' title='bbox 698 1610 799 1655; x_wconf 82' lang='lat' dir='ltr'>vigi—</span> 
     </span>
     <span class='ocr_line' id='line_1_25' title="bbox 236 1657 799 1699; baseline 0.002 -7"><span class='ocrx_word' id='word_1_130' title='bbox 236 1658 308 1693; x_wconf 90' lang='lat' dir='ltr'>lias</span> <span class='ocrx_word' id='word_1_131' title='bbox 330 1658 431 1693; x_wconf 85' lang='lat' dir='ltr'>oculi</span> <span class='ocrx_word' id='word_1_132' title='bbox 455 1658 529 1693; x_wconf 90' lang='lat' dir='ltr'>mei</span> <span class='ocrx_word' id='word_1_133' title='bbox 548 1669 555 1699; x_wconf 78' lang='lat'><em>3</em></span> <span class='ocrx_word' id='word_1_134' title='bbox 579 1657 799 1693; x_wconf 70' lang='lat' dir='ltr'>*turbatus</span> 
     </span>
     <span class='ocr_line' id='line_1_26' title="bbox 235 1705 795 1746; baseline -0.005 -5"><span class='ocrx_word' id='word_1_135' title='bbox 235 1716 336 1746; x_wconf 91' lang='lat' dir='ltr'>sum,</span> <span class='ocrx_word' id='word_1_136' title='bbox 359 1709 397 1741; x_wconf 83' lang='lat' dir='ltr'>et</span> <span class='ocrx_word' id='word_1_137' title='bbox 413 1716 489 1740; x_wconf 91' lang='lat' dir='ltr'>non</span> <span class='ocrx_word' id='word_1_138' title='bbox 510 1715 596 1740; x_wconf 89' lang='lat' dir='ltr'>sum</span> <span class='ocrx_word' id='word_1_139' title='bbox 620 1705 795 1740; x_wconf 85' lang='lat' dir='ltr'>locutus.</span> 
     </span>
    </p>

    <p class='ocr_par' dir='ltr' id='par_1_9' title="bbox 235 1752 799 1882">
     <span class='ocr_line' id='line_1_27' title="bbox 282 1752 799 1798; baseline -0.002 -11"><span class='ocrx_word' id='word_1_140' title='bbox 282 1752 304 1787; x_wconf 86' lang='grc'><strong>6</strong></span> <span class='ocrx_word' id='word_1_141' title='bbox 356 1752 531 1798; x_wconf 81' lang='lat' dir='ltr'>Cogitavi</span> <span class='ocrx_word' id='word_1_142' title='bbox 580 1752 664 1787; x_wconf 91' lang='lat' dir='ltr'>dies</span> <span class='ocrx_word' id='word_1_143' title='bbox 694 1753 799 1788; x_wconf 87' lang='lat' dir='ltr'>anti—</span> 
     </span>
     <span class='ocr_line' id='line_1_28' title="bbox 235 1799 799 1845; baseline 0 -10"><span class='ocrx_word' id='word_1_144' title='bbox 235 1810 333 1845; x_wconf 85' lang='lat' dir='ltr'>quos</span> <span class='ocrx_word' id='word_1_145' title='bbox 353 1812 360 1837; x_wconf 76' lang='lat'>2</span> <span class='ocrx_word' id='word_1_146' title='bbox 382 1799 401 1818; x_wconf 35' lang='grc' dir='ltr'>ᾗ</span> <span class='ocrx_word' id='word_1_147' title='bbox 423 1803 460 1835; x_wconf 89' lang='lat' dir='ltr'>et</span> <span class='ocrx_word' id='word_1_148' title='bbox 480 1810 605 1835; x_wconf 87' lang='lat' dir='ltr'>annos</span> <span class='ocrx_word' id='word_1_149' title='bbox 627 1804 799 1835; x_wconf 69' lang='lat' dir='ltr'>aeternos</span> 
     </span>
     <span class='ocr_line' id='line_1_29' title="bbox 237 1846 586 1882; baseline 0 0"><span class='ocrx_word' id='word_1_150' title='bbox 237 1847 275 1882; x_wconf 90' lang='lat' dir='ltr'>in</span> <span class='ocrx_word' id='word_1_151' title='bbox 298 1850 426 1882; x_wconf 91' lang='lat' dir='ltr'>mente</span> <span class='ocrx_word' id='word_1_152' title='bbox 454 1846 586 1882; x_wconf 91' lang='lat' dir='ltr'>habui.</span> 
     </span>
    </p>

    <p class='ocr_par' dir='ltr' id='par_1_10' title="bbox 236 1894 800 2081">
     <span class='ocr_line' id='line_1_30' title="bbox 283 1894 799 1943; baseline 0 -15"><span class='ocrx_word' id='word_1_153' title='bbox 283 1895 314 1928; x_wconf 87' lang='lat'>7.</span> <span class='ocrx_word' id='word_1_154' title='bbox 365 1895 409 1929; x_wconf 91' lang='lat' dir='ltr'>Et</span> <span class='ocrx_word' id='word_1_155' title='bbox 454 1894 667 1929; x_wconf 88' lang='lat' dir='ltr'>meditatus</span> <span class='ocrx_word' id='word_1_156' title='bbox 703 1904 799 1943; x_wconf 84' lang='lat' dir='ltr'>¹sum</span> 
     </span>
     <span class='ocr_line' id='line_1_31' title="bbox 237 1941 800 1977; baseline -0.002 -1"><span class='ocrx_word' id='word_1_157' title='bbox 237 1944 349 1976; x_wconf 81' lang='lat' dir='ltr'>nocte</span> <span class='ocrx_word' id='word_1_158' title='bbox 379 1952 466 1976; x_wconf 92' lang='lat' dir='ltr'>cum</span> <span class='ocrx_word' id='word_1_159' title='bbox 509 1941 624 1976; x_wconf 80' lang='lat' dir='ltr'>corde</span> <span class='ocrx_word' id='word_1_160' title='bbox 660 1951 757 1977; x_wconf 78' lang='lat' dir='ltr'>ineo.</span> <span class='ocrx_word' id='word_1_161' title='bbox 780 1941 800 1959; x_wconf 32' lang='grc' dir='ltr'>ἵ*-</span> 
     </span>
     <span class='ocr_line' id='line_1_32' title="bbox 236 1988 799 2032; baseline 0 -9"><span class='ocrx_word' id='word_1_162' title='bbox 236 1992 274 2023; x_wconf 92' lang='lat' dir='ltr'>et</span> <span class='ocrx_word' id='word_1_163' title='bbox 292 1988 550 2029; x_wconf 83' lang='lat' dir='ltr'>exercitabar,</span> <span class='ocrx_word' id='word_1_164' title='bbox 591 1991 627 2023; x_wconf 91' lang='lat' dir='ltr'>et</span> <span class='ocrx_word' id='word_1_165' title='bbox 664 1998 799 2032; x_wconf 86' lang='lat' dir='ltr'>scope-</span> 
     </span>
     <span class='ocr_line' id='line_1_33' title="bbox 236 2036 687 2081; baseline -0.004 -10"><span class='ocrx_word' id='word_1_166' title='bbox 236 2036 323 2071; x_wconf 86' lang='lat' dir='ltr'>bam</span> <span class='ocrx_word' id='word_1_167' title='bbox 339 2036 524 2081; x_wconf 89' lang='lat' dir='ltr'>spiritum</span> <span class='ocrx_word' id='word_1_168' title='bbox 546 2046 687 2070; x_wconf 88' lang='lat' dir='ltr'>meum.</span> 
     </span>
    </p>

    <p class='ocr_par' dir='ltr' id='par_1_11' title="bbox 238 2083 800 2261">
     <span class='ocr_line' id='line_1_34' title="bbox 283 2083 799 2128; baseline -0.004 -10"><span class='ocrx_word' id='word_1_169' title='bbox 283 2084 317 2118; x_wconf 82' lang='grc'>8.</span> <span class='ocrx_word' id='word_1_170' title='bbox 366 2083 562 2128; x_wconf 87' lang='lat' dir='ltr'>Numquid</span> <span class='ocrx_word' id='word_1_171' title='bbox 607 2083 646 2116; x_wconf 92' lang='lat' dir='ltr'>in</span> <span class='ocrx_word' id='word_1_172' title='bbox 682 2085 799 2117; x_wconf 56' lang='grc'>31191-</span> 
     </span>
     <span class='ocr_line' id='line_1_35' title="bbox 238 2129 800 2175; baseline -0.004 -10"><span class='ocrx_word' id='word_1_173' title='bbox 238 2141 330 2165; x_wconf 87' lang='grc'>1111111</span> <span class='ocrx_word' id='word_1_174' title='bbox 350 2129 529 2175; x_wconf 90' lang='lat' dir='ltr'>projiciet</span> <span class='ocrx_word' id='word_1_175' title='bbox 552 2131 650 2164; x_wconf 75' lang='lat' dir='ltr'>Deus</span> <span class='ocrx_word' id='word_1_176' title='bbox 669 2140 676 2169; x_wconf 70' lang='lat'>2</span> <span class='ocrx_word' id='word_1_177' title='bbox 697 2129 717 2148; x_wconf 62' lang='lat'>³⁵</span> <span class='ocrx_word' id='word_1_178' title='bbox 731 2133 800 2164; x_wconf 86' lang='lat' dir='ltr'>aut</span> 
     </span>
     <span class='ocr_line' id='line_1_36' title="bbox 238 2177 797 2223; baseline -0.002 -11"><span class='ocrx_word' id='word_1_179' title='bbox 238 2188 314 2212; x_wconf 91' lang='lat' dir='ltr'>non</span> <span class='ocrx_word' id='word_1_180' title='bbox 335 2181 504 2223; x_wconf 86' lang='lat' dir='ltr'>apponet</span> <span class='ocrx_word' id='word_1_181' title='bbox 530 2181 573 2212; x_wconf 94' lang='lat' dir='ltr'>ut</span> <span class='ocrx_word' id='word_1_182' title='bbox 594 2177 797 2222; x_wconf 85' lang='lat' dir='ltr'>complaci-</span> 
     </span>
     <span class='ocr_line' id='line_1_37' title="bbox 238 2223 570 2261; baseline -0.003 -1"><span class='ocrx_word' id='word_1_183' title='bbox 238 2225 312 2260; x_wconf 90' lang='lat' dir='ltr'>tior</span> <span class='ocrx_word' id='word_1_184' title='bbox 334 2225 384 2260; x_wconf 85' lang='lat' dir='ltr'>sit</span> <span class='ocrx_word' id='word_1_185' title='bbox 406 2225 533 2261; x_wconf 91' lang='lat' dir='ltr'>adhuc</span> <span class='ocrx_word' id='word_1_186' title='bbox 551 2223 570 2259; x_wconf 65' lang='lat' dir='ltr'>i&gt;</span> 
     </span>
    </p>

    <p class='ocr_par' dir='ltr' id='par_1_12' title="bbox 235 2271 801 2449">
     <span class='ocr_line' id='line_1_38' title="bbox 282 2271 801 2307; baseline -0.004 0"><span class='ocrx_word' id='word_1_187' title='bbox 282 2272 315 2307; x_wconf 78' lang='lat'>9.</span> <span class='ocrx_word' id='word_1_188' title='bbox 348 2273 425 2307; x_wconf 86' lang='lat' dir='ltr'>Aut</span> <span class='ocrx_word' id='word_1_189' title='bbox 447 2273 485 2307; x_wconf 91' lang='lat' dir='ltr'>in</span> <span class='ocrx_word' id='word_1_190' title='bbox 509 2273 624 2307; x_wconf 83' lang='lat' dir='ltr'>finem</span> <span class='ocrx_word' id='word_1_191' title='bbox 649 2271 801 2306; x_wconf 88' lang='lat' dir='ltr'>miseri-</span> 
     </span>
     <span class='ocr_line' id='line_1_39' title="bbox 236 2318 799 2357; baseline -0.004 -3"><span class='ocrx_word' id='word_1_192' title='bbox 236 2319 406 2355; x_wconf 79' lang='lat' dir='ltr'>cordiam</span> <span class='ocrx_word' id='word_1_193' title='bbox 426 2330 536 2354; x_wconf 89' lang='lat' dir='ltr'>suam</span> <span class='ocrx_word' id='word_1_194' title='bbox 555 2318 799 2357; x_wconf 47' lang='grc' dir='ltr'>1111501111101,ἐξ</span> 
     </span>
     <span class='ocr_line' id='line_1_40' title="bbox 235 2367 797 2412; baseline -0.002 -11"><span class='ocrx_word' id='word_1_195' title='bbox 235 2367 527 2411; x_wconf 79' lang='lat' dir='ltr'>ageneratione</span> <span class='ocrx_word' id='word_1_196' title='bbox 564 2367 603 2402; x_wconf 90' lang='lat' dir='ltr'>in</span> <span class='ocrx_word' id='word_1_197' title='bbox 636 2376 797 2412; x_wconf 83' lang='lat' dir='ltr'>genera-</span> 
     </span>
     <span class='ocr_line' id='line_1_41' title="bbox 237 2412 423 2449; baseline -0.005 0"><span class='ocrx_word' id='word_1_198' title='bbox 237 2414 381 2449; x_wconf 81' lang='lat' dir='ltr'>tionem</span> <span class='ocrx_word' id='word_1_199' title='bbox 404 2412 423 2448; x_wconf 70' lang='lat'>⁵?</span> 
     </span>
    </p>

    <p class='ocr_par' dir='ltr' id='par_1_13' title="bbox 235 2460 799 2639">
     <span class='ocr_line' id='line_1_42' title="bbox 284 2460 799 2497; baseline -0.004 -1"><span class='ocrx_word' id='word_1_200' title='bbox 284 2462 338 2496; x_wconf 85' lang='lat'>10.</span> <span class='ocrx_word' id='word_1_201' title='bbox 361 2461 707 2497; x_wconf 83' lang='lat' dir='ltr'>Autobliviscetur</span> <span class='ocrx_word' id='word_1_202' title='bbox 728 2460 799 2494; x_wconf 86' lang='lat' dir='ltr'>mi-</span> 
     </span>
     <span class='ocr_line' id='line_1_43' title="bbox 236 2507 799 2544; baseline -0.004 -1"><span class='ocrx_word' id='word_1_203' title='bbox 236 2509 357 2543; x_wconf 84' lang='lat' dir='ltr'>sereri</span> <span class='ocrx_word' id='word_1_204' title='bbox 380 2510 479 2544; x_wconf 88' lang='lat' dir='ltr'>Deus</span> <span class='ocrx_word' id='word_1_205' title='bbox 496 2507 515 2543; x_wconf 67' lang='lat'>⁸?</span> <span class='ocrx_word' id='word_1_206' title='bbox 542 2509 561 2527; x_wconf 76' lang='lat'><em>*</em></span> <span class='ocrx_word' id='word_1_207' title='bbox 582 2512 651 2544; x_wconf 88' lang='lat' dir='ltr'>aut</span> <span class='ocrx_word' id='word_1_208' title='bbox 672 2508 799 2543; x_wconf 90' lang='lat' dir='ltr'>conti-</span> 
     </span>
     <span class='ocr_line' id='line_1_44' title="bbox 237 2555 799 2592; baseline -0.002 -2"><span class='ocrx_word' id='word_1_209' title='bbox 237 2556 345 2591; x_wconf 88' lang='lat' dir='ltr'>nebit</span> <span class='ocrx_word' id='word_1_210' title='bbox 367 2556 404 2591; x_wconf 93' lang='lat' dir='ltr'>in</span> <span class='ocrx_word' id='word_1_211' title='bbox 441 2557 497 2591; x_wconf 89' lang='lat' dir='ltr'>ira</span> <span class='ocrx_word' id='word_1_212' title='bbox 535 2567 605 2592; x_wconf 91' lang='lat' dir='ltr'>sua</span> <span class='ocrx_word' id='word_1_213' title='bbox 642 2555 799 2590; x_wconf 84' lang='lat' dir='ltr'>miseri—</span> 
     </span>
     <span class='ocr_line' id='line_1_45' title="bbox 235 2602 542 2639; baseline 0 -1"><span class='ocrx_word' id='word_1_214' title='bbox 235 2604 389 2639; x_wconf 89' lang='lat' dir='ltr'>cordias</span> <span class='ocrx_word' id='word_1_215' title='bbox 408 2614 501 2639; x_wconf 86' lang='lat' dir='ltr'>suas</span> <span class='ocrx_word' id='word_1_216' title='bbox 522 2602 542 2638; x_wconf 67' lang='lat'>⁸?</span> 
     </span>
    </p>

    <p class='ocr_par' dir='ltr' id='par_1_14' title="bbox 236 2650 801 2780">
     <span class='ocr_line' id='line_1_46' title="bbox 283 2650 801 2686; baseline 0 -2"><span class='ocrx_word' id='word_1_217' title='bbox 283 2651 339 2686; x_wconf 89' lang='grc'>11.</span> <span class='ocrx_word' id='word_1_218' title='bbox 404 2651 449 2685; x_wconf 86' lang='lat' dir='ltr'>Et</span> <span class='ocrx_word' id='word_1_219' title='bbox 513 2650 620 2686; x_wconf 89' lang='lat' dir='ltr'>dixi:</span> <span class='ocrx_word' id='word_1_220' title='bbox 691 2650 801 2684; x_wconf 90' lang='lat' dir='ltr'>Nunc</span> 
     </span>
     <span class='ocr_line' id='line_1_47' title="bbox 236 2697 798 2742; baseline 0 -11"><span class='ocrx_word' id='word_1_221' title='bbox 236 2698 333 2742; x_wconf 83' lang='lat' dir='ltr'>coepi</span> <span class='ocrx_word' id='word_1_222' title='bbox 355 2709 362 2737; x_wconf 84' lang='grc'>;</span> <span class='ocrx_word' id='word_1_223' title='bbox 382 2698 401 2717; x_wconf 74' lang='lat'><em>*</em></span> <span class='ocrx_word' id='word_1_224' title='bbox 423 2698 505 2732; x_wconf 66' lang='lat' dir='ltr'>baec</span> <span class='ocrx_word' id='word_1_225' title='bbox 524 2697 690 2733; x_wconf 90' lang='lat' dir='ltr'>mutatio</span> <span class='ocrx_word' id='word_1_226' title='bbox 708 2697 798 2732; x_wconf 87' lang='lat' dir='ltr'>dex-</span> 
     </span>
     <span class='ocr_line' id='line_1_48' title="bbox 239 2745 518 2780; baseline -0.007 -1"><span class='ocrx_word' id='word_1_227' title='bbox 239 2748 330 2779; x_wconf 77' lang='lat' dir='ltr'>terae</span> <span class='ocrx_word' id='word_1_228' title='bbox 353 2745 518 2780; x_wconf 87' lang='lat' dir='ltr'>Excelsi.</span> 
     </span>
    </p>

    <p class='ocr_par' dir='ltr' id='par_1_15' title="bbox 237 2792 799 2967">
     <span class='ocr_line' id='line_1_49' title="bbox 288 2792 798 2836; baseline 0 -11"><span class='ocrx_word' id='word_1_229' title='bbox 288 2792 339 2826; x_wconf 74' lang='lat'>¹2.</span> <span class='ocrx_word' id='word_1_230' title='bbox 374 2793 519 2827; x_wconf 86' lang='lat' dir='ltr'>Memor</span> <span class='ocrx_word' id='word_1_231' title='bbox 556 2792 609 2826; x_wconf 84' lang='grc'>1111</span> <span class='ocrx_word' id='word_1_232' title='bbox 638 2801 798 2836; x_wconf 85' lang='lat' dir='ltr'>operum</span> 
     </span>
     <span class='ocr_line' id='line_1_50' title="bbox 239 2839 799 2883; baseline 0 -10"><span class='ocrx_word' id='word_1_233' title='bbox 239 2839 390 2873; x_wconf 82' lang='lat' dir='ltr'>Domini</span> <span class='ocrx_word' id='word_1_234' title='bbox 410 2850 416 2881; x_wconf 77' lang='lat'><em>3</em></span> <span class='ocrx_word' id='word_1_235' title='bbox 456 2839 475 2857; x_wconf 60' lang='lat'>*</span> <span class='ocrx_word' id='word_1_236' title='bbox 526 2839 615 2883; x_wconf 89' lang='lat' dir='ltr'>quia</span> <span class='ocrx_word' id='word_1_237' title='bbox 652 2848 799 2873; x_wconf 85' lang='lat' dir='ltr'>memor</span> 
     </span>
     <span class='ocr_line' id='line_1_51' title="bbox 237 2885 798 2921; baseline 0 -2"><span class='ocrx_word' id='word_1_238' title='bbox 237 2896 302 2920; x_wconf 80' lang='lat' dir='ltr'>ero</span> <span class='ocrx_word' id='word_1_239' title='bbox 322 2886 370 2920; x_wconf 90' lang='lat' dir='ltr'>ab</span> <span class='ocrx_word' id='word_1_240' title='bbox 405 2886 518 2921; x_wconf 87' lang='lat' dir='ltr'>initio</span> <span class='ocrx_word' id='word_1_241' title='bbox 558 2885 798 2921; x_wconf 85' lang='lat' dir='ltr'>mirabilium</span> 
     </span>
     <span class='ocr_line' id='line_1_52' title="bbox 239 2936 395 2967; baseline 0 0"><span class='ocrx_word' id='word_1_242' title='bbox 239 2936 395 2967; x_wconf 90' lang='lat' dir='ltr'>tuorum</span> 
     </span>
    </p>

    <p class='ocr_par' dir='ltr' id='par_1_16' title="bbox 237 2980 799 3156">
     <span class='ocr_line' id='line_1_53' title="bbox 288 2980 798 3015; baseline 0 -2"><span class='ocrx_word' id='word_1_243' title='bbox 288 2980 339 3013; x_wconf 75' lang='lat'>13.</span> <span class='ocrx_word' id='word_1_244' title='bbox 368 2981 409 3015; x_wconf 87' lang='lat' dir='ltr'>Et</span> <span class='ocrx_word' id='word_1_245' title='bbox 432 2980 648 3015; x_wconf 86' lang='lat' dir='ltr'>meditabor</span> <span class='ocrx_word' id='word_1_246' title='bbox 666 2980 798 3013; x_wconf 88' lang='lat' dir='ltr'>inom-</span> 
     </span>
     <span class='ocr_line' id='line_1_54' title="bbox 238 3026 799 3070; baseline 0.004 -11"><span class='ocrx_word' id='word_1_247' title='bbox 238 3026 355 3061; x_wconf 90' lang='lat' dir='ltr'>nibus</span> <span class='ocrx_word' id='word_1_248' title='bbox 376 3027 561 3070; x_wconf 81' lang='lat' dir='ltr'>operibus</span> <span class='ocrx_word' id='word_1_249' title='bbox 585 3027 685 3069; x_wconf 81' lang='lat' dir='ltr'>tuis;</span> <span class='ocrx_word' id='word_1_250' title='bbox 721 3027 739 3045; x_wconf 51' lang='lat'>*³²⁷</span> <span class='ocrx_word' id='word_1_251' title='bbox 762 3030 799 3061; x_wconf 79' lang='lat' dir='ltr'>et</span> 
     </span>
     <span class='ocr_line' id='line_1_55' title="bbox 238 3073 798 3109; baseline 0.002 -3"><span class='ocrx_word' id='word_1_252' title='bbox 238 3073 275 3106; x_wconf 92' lang='lat' dir='ltr'>in</span> <span class='ocrx_word' id='word_1_253' title='bbox 322 3074 672 3109; x_wconf 82' lang='lat' dir='ltr'>adinventionibus</span> <span class='ocrx_word' id='word_1_254' title='bbox 720 3074 798 3108; x_wconf 88' lang='lat' dir='ltr'>tuis</span> 
     </span>
     <span class='ocr_line' id='line_1_56' title="bbox 237 3121 461 3156; baseline 0.004 -2"><span class='ocrx_word' id='word_1_255' title='bbox 237 3121 461 3156; x_wconf 81' lang='lat' dir='ltr'>exercebor.</span> 
     </span>
    </p>

    <p class='ocr_par' dir='ltr' id='par_1_17' title="bbox 237 3167 799 3297">
     <span class='ocr_line' id='line_1_57' title="bbox 286 3167 798 3205; baseline 0 -4"><span class='ocrx_word' id='word_1_256' title='bbox 286 3167 341 3202; x_wconf 75' lang='lat'>14.</span> <span class='ocrx_word' id='word_1_257' title='bbox 372 3168 485 3205; x_wconf 80' lang='lat' dir='ltr'>Deus,</span> <span class='ocrx_word' id='word_1_258' title='bbox 514 3168 552 3202; x_wconf 91' lang='lat' dir='ltr'>in</span> <span class='ocrx_word' id='word_1_259' title='bbox 581 3170 717 3202; x_wconf 83' lang='lat' dir='ltr'>sancto</span> <span class='ocrx_word' id='word_1_260' title='bbox 739 3167 798 3201; x_wconf 81' lang='lat' dir='ltr'>via</span> 
     </span>
     <span class='ocr_line' id='line_1_58' title="bbox 239 3215 799 3260; baseline 0 -12"><span class='ocrx_word' id='word_1_261' title='bbox 239 3217 328 3256; x_wconf 86' lang='lat' dir='ltr'>tua;</span> <span class='ocrx_word' id='word_1_262' title='bbox 367 3215 455 3260; x_wconf 91' lang='lat' dir='ltr'>quis</span> <span class='ocrx_word' id='word_1_263' title='bbox 494 3215 595 3250; x_wconf 87' lang='lat' dir='ltr'>Deus</span> <span class='ocrx_word' id='word_1_264' title='bbox 632 3224 799 3259; x_wconf 86' lang='lat' dir='ltr'>magnus</span> 
     </span>
     <span class='ocr_line' id='line_1_59' title="bbox 237 3260 658 3297; baseline 0 -1"><span class='ocrx_word' id='word_1_265' title='bbox 237 3261 340 3296; x_wconf 87' lang='lat' dir='ltr'>sicut</span> <span class='ocrx_word' id='word_1_266' title='bbox 364 3263 464 3297; x_wconf 85' lang='lat' dir='ltr'>Deus</span> <span class='ocrx_word' id='word_1_267' title='bbox 486 3265 620 3297; x_wconf 84' lang='lat' dir='ltr'>noster</span> <span class='ocrx_word' id='word_1_268' title='bbox 638 3260 658 3296; x_wconf 70' lang='grc' dir='ltr'>ἱ)</span> 
     </span>
    </p>
   </div>
   <div class='ocr_carea' id='block_1_6' title="bbox 1038 763 1631 860">
    <p class='ocr_par' dir='ltr' id='par_1_18' title="bbox 1038 763 1631 860">
     <span class='ocr_line' id='line_1_60' title="bbox 1038 763 1592 806; baseline 0.007 -5"><span class='ocrx_word' id='word_1_269' title='bbox 1038 763 1331 804; x_wconf 72' lang='lat' dir='ltr'>PRAECENTom</span> <span class='ocrx_word' id='word_1_270' title='bbox 1356 775 1364 804; x_wconf 78' lang='lat' dir='ltr'><em>z</em></span> <span class='ocrx_word' id='word_1_271' title='bbox 1388 777 1566 805; x_wconf 77' lang='lat' dir='ltr'><strong>SUPER..</strong></span> <span class='ocrx_word' id='word_1_272' title='bbox 1586 799 1592 806; x_wconf 91' lang='lat'><strong><em>.</em></strong></span> 
     </span>
     <span class='ocr_line' id='line_1_61' title="bbox 1255 819 1631 860; baseline 0.003 -3"><span class='ocrx_word' id='word_1_273' title='bbox 1255 819 1397 857; x_wconf 79' lang='lat' dir='ltr'>ASAPu</span> <span class='ocrx_word' id='word_1_274' title='bbox 1428 831 1631 860; x_wconf 76' lang='lat' dir='ltr'><strong>PSALMUS.</strong></span> 
     </span>
    </p>
   </div>
   <div class='ocr_carea' id='block_1_7' title="bbox 1438 909 1453 947">
    <p class='ocr_par' dir='ltr' id='par_1_19' title="bbox 1438 909 1453 947">
     <span class='ocr_line' id='line_1_62' title="bbox 1438 909 1453 947; baseline 0 0"><span class='ocrx_word' id='word_1_275' title='bbox 1438 909 1453 947; x_wconf 95' lang='lat' dir='ltr'>I</span> 
     </span>
    </p>
   </div>
   <div class='ocr_carea' id='block_1_8' title="bbox 876 994 2010 1111">
    <p class='ocr_par' dir='ltr' id='par_1_20' title="bbox 876 994 2010 1111">
     <span class='ocr_line' id='line_1_63' title="bbox 876 994 1829 1049; baseline 0.005 -16"><span class='ocrx_word' id='word_1_276' title='bbox 876 994 967 1033; x_wconf 80' lang='lat' dir='ltr'>Vox</span> <span class='ocrx_word' id='word_1_277' title='bbox 993 1006 1087 1034; x_wconf 88' lang='lat' dir='ltr'>mea</span> <span class='ocrx_word' id='word_1_278' title='bbox 1109 996 1161 1034; x_wconf 88' lang='lat' dir='ltr'>ad</span> <span class='ocrx_word' id='word_1_279' title='bbox 1186 996 1322 1035; x_wconf 91' lang='lat' dir='ltr'>Deum</span> <span class='ocrx_word' id='word_1_280' title='bbox 1346 996 1586 1049; x_wconf 86' lang='lat' dir='ltr'>[dirigitur]</span> <span class='ocrx_word' id='word_1_281' title='bbox 1612 1002 1652 1037; x_wconf 92' lang='lat' dir='ltr'>et</span> <span class='ocrx_word' id='word_1_282' title='bbox 1674 999 1829 1046; x_wconf 78' lang='lat' dir='ltr'>clamo,</span> 
     </span>
     <span class='ocr_line' id='line_1_64' title="bbox 928 1061 2010 1111; baseline 0.005 -13"><span class='ocrx_word' id='word_1_283' title='bbox 928 1071 1012 1098; x_wconf 84' lang='lat' dir='ltr'>vox</span> <span class='ocrx_word' id='word_1_284' title='bbox 1028 1071 1121 1099; x_wconf 89' lang='lat' dir='ltr'>mea</span> <span class='ocrx_word' id='word_1_285' title='bbox 1140 1061 1194 1100; x_wconf 90' lang='lat' dir='ltr'>ad</span> <span class='ocrx_word' id='word_1_286' title='bbox 1206 1061 1343 1101; x_wconf 89' lang='lat' dir='ltr'>Deum</span> <span class='ocrx_word' id='word_1_287' title='bbox 1358 1066 1399 1101; x_wconf 90' lang='lat' dir='ltr'>et</span> <span class='ocrx_word' id='word_1_288' title='bbox 1412 1061 1584 1110; x_wconf 89' lang='lat' dir='ltr'>[clamo]</span> <span class='ocrx_word' id='word_1_289' title='bbox 1599 1063 1829 1103; x_wconf 80' lang='lat' dir='ltr'>intendere</span> <span class='ocrx_word' id='word_1_290' title='bbox 1852 1064 1906 1104; x_wconf 85' lang='lat' dir='ltr'>ad</span> <span class='ocrx_word' id='word_1_291' title='bbox 1923 1063 2010 1111; x_wconf 42' lang='lat' dir='ltr'>me‚*</span> 
     </span>
    </p>
   </div>
   <div class='ocr_carea' id='block_1_9' title="bbox 875 1136 2009 1254">
    <p class='ocr_par' dir='ltr' id='par_1_21' title="bbox 875 1136 2009 1254">
     <span class='ocr_line' id='line_1_65' title="bbox 875 1136 1942 1190; baseline 0.006 -16"><span class='ocrx_word' id='word_1_292' title='bbox 875 1136 922 1175; x_wconf 92' lang='lat' dir='ltr'>In</span> <span class='ocrx_word' id='word_1_293' title='bbox 945 1136 1015 1176; x_wconf 89' lang='lat' dir='ltr'>die</span> <span class='ocrx_word' id='word_1_294' title='bbox 1034 1137 1335 1177; x_wconf 83' lang='lat' dir='ltr'>tribulationis</span> <span class='ocrx_word' id='word_1_295' title='bbox 1360 1150 1481 1178; x_wconf 90' lang='lat' dir='ltr'>meae</span> <span class='ocrx_word' id='word_1_296' title='bbox 1504 1139 1740 1179; x_wconf 88' lang='lat' dir='ltr'>Dominum</span> <span class='ocrx_word' id='word_1_297' title='bbox 1764 1150 1942 1190; x_wconf 84' lang='lat' dir='ltr'>quaero,</span> 
     </span>
     <span class='ocr_line' id='line_1_66' title="bbox 930 1204 2009 1254; baseline 0.005 -14"><span class='ocrx_word' id='word_1_298' title='bbox 930 1213 1087 1241; x_wconf 84' lang='lat' dir='ltr'>manus</span> <span class='ocrx_word' id='word_1_299' title='bbox 1119 1214 1214 1242; x_wconf 87' lang='lat' dir='ltr'>mea</span> <span class='ocrx_word' id='word_1_300' title='bbox 1250 1207 1377 1242; x_wconf 90' lang='lat' dir='ltr'>nocte</span> <span class='ocrx_word' id='word_1_301' title='bbox 1412 1204 1678 1254; x_wconf 84' lang='lat' dir='ltr'>expanditur</span> <span class='ocrx_word' id='word_1_302' title='bbox 1718 1209 1759 1244; x_wconf 91' lang='lat' dir='ltr'>et</span> <span class='ocrx_word' id='word_1_303' title='bbox 1794 1216 1882 1244; x_wconf 90' lang='lat' dir='ltr'>non</span> <span class='ocrx_word' id='word_1_304' title='bbox 1922 1205 2009 1245; x_wconf 89' lang='lat' dir='ltr'>lan-</span> 
     </span>
    </p>
   </div>
   <div class='ocr_carea' id='block_1_10' title="bbox 1636 768 1849 817">
    <p class='ocr_par' dir='ltr' id='par_1_22' title="bbox 1636 768 1849 817">
     <span class='ocr_line' id='line_1_67' title="bbox 1636 768 1849 817; baseline 0.014 -11"><span class='ocrx_word' id='word_1_305' title='bbox 1636 768 1849 817; x_wconf 77' lang='grc' dir='ltr'>ΙΕυιΤΗυΝ,</span> 
     </span>
    </p>
   </div>
   <div class='ocr_carea' id='block_1_11' title="bbox 876 1268 2008 1533">
    <p class='ocr_par' dir='ltr' id='par_1_23' title="bbox 876 1268 2008 1533">
     <span class='ocr_line' id='line_1_68' title="bbox 876 1268 2008 1326; baseline 0 -9"><span class='ocrx_word' id='word_1_306' title='bbox 876 1278 1037 1317; x_wconf 85' lang='lat' dir='ltr'>Renuit</span> <span class='ocrx_word' id='word_1_307' title='bbox 1058 1279 1275 1318; x_wconf 83' lang='lat' dir='ltr'>consolari</span> <span class='ocrx_word' id='word_1_308' title='bbox 1298 1280 1443 1318; x_wconf 91' lang='lat' dir='ltr'>anima</span> <span class='ocrx_word' id='word_1_309' title='bbox 1470 1292 1579 1326; x_wconf 88' lang='lat' dir='ltr'>mea,</span> <span class='ocrx_word' id='word_1_310' title='bbox 1809 1268 2008 1320; x_wconf 59' lang='lat' dir='ltr'>Quescst,</span> 
     </span>
     <span class='ocr_line' id='line_1_69' title="bbox 929 1345 1517 1395; baseline 0.009 -14"><span class='ocrx_word' id='word_1_311' title='bbox 929 1345 1135 1383; x_wconf 83' lang='lat' dir='ltr'>recordor</span> <span class='ocrx_word' id='word_1_312' title='bbox 1157 1345 1230 1383; x_wconf 91' lang='lat' dir='ltr'>Dei</span> <span class='ocrx_word' id='word_1_313' title='bbox 1248 1350 1288 1384; x_wconf 91' lang='lat' dir='ltr'>et</span> <span class='ocrx_word' id='word_1_314' title='bbox 1309 1345 1517 1395; x_wconf 72' lang='lat' dir='ltr'>gemisco.</span> 
     </span>
     <span class='ocr_line' id='line_1_70' title="bbox 929 1409 1729 1460; baseline 0.003 -13"><span class='ocrx_word' id='word_1_315' title='bbox 929 1409 1118 1448; x_wconf 89' lang='lat' dir='ltr'>meditor</span> <span class='ocrx_word' id='word_1_316' title='bbox 1140 1413 1181 1448; x_wconf 91' lang='lat' dir='ltr'>et</span> <span class='ocrx_word' id='word_1_317' title='bbox 1201 1410 1348 1449; x_wconf 84' lang='lat' dir='ltr'>deficit</span> <span class='ocrx_word' id='word_1_318' title='bbox 1370 1410 1555 1460; x_wconf 88' lang='lat' dir='ltr'>spiritus</span> <span class='ocrx_word' id='word_1_319' title='bbox 1577 1409 1729 1449; x_wconf 87' lang='lat' dir='ltr'>meus!</span> 
     </span>
     <span class='ocr_line' id='line_1_71' title="bbox 1822 1491 1955 1533; baseline -0.015 0"><span class='ocrx_word' id='word_1_320' title='bbox 1822 1491 1955 1533; x_wconf 70' lang='lat' dir='ltr'>Seluk.</span> 
     </span>
    </p>
   </div>
   <div class='ocr_carea' id='block_1_12' title="bbox 874 1636 1755 1753">
    <p class='ocr_par' dir='ltr' id='par_1_24' title="bbox 874 1636 1755 1753">
     <span class='ocr_line' id='line_1_72' title="bbox 874 1636 1755 1687; baseline 0 -12"><span class='ocrx_word' id='word_1_321' title='bbox 874 1636 1011 1676; x_wconf 89' lang='lat' dir='ltr'>Tenes</span> <span class='ocrx_word' id='word_1_322' title='bbox 1030 1636 1262 1687; x_wconf 81' lang='lat' dir='ltr'>palpebras</span> <span class='ocrx_word' id='word_1_323' title='bbox 1284 1636 1513 1676; x_wconf 90' lang='lat' dir='ltr'>oculorum</span> <span class='ocrx_word' id='word_1_324' title='bbox 1539 1648 1755 1685; x_wconf 80' lang='lat' dir='ltr'>meorum,</span> 
     </span>
     <span class='ocr_line' id='line_1_73' title="bbox 928 1702 1663 1753; baseline 0 -12"><span class='ocrx_word' id='word_1_325' title='bbox 928 1714 1164 1752; x_wconf 81' lang='lat' dir='ltr'>percussus</span> <span class='ocrx_word' id='word_1_326' title='bbox 1186 1714 1283 1741; x_wconf 89' lang='lat' dir='ltr'>sum</span> <span class='ocrx_word' id='word_1_327' title='bbox 1308 1706 1348 1741; x_wconf 92' lang='lat' dir='ltr'>et</span> <span class='ocrx_word' id='word_1_328' title='bbox 1379 1714 1467 1741; x_wconf 89' lang='lat' dir='ltr'>non</span> <span class='ocrx_word' id='word_1_329' title='bbox 1491 1702 1663 1753; x_wconf 88' lang='lat' dir='ltr'>loquor,</span> 
     </span>
    </p>
   </div>
   <div class='ocr_carea' id='block_1_13' title="bbox 875 1779 1557 1891">
    <p class='ocr_par' dir='ltr' id='par_1_25' title="bbox 875 1779 1557 1891">
     <span class='ocr_line' id='line_1_74' title="bbox 875 1779 1557 1830; baseline 0.003 -13"><span class='ocrx_word' id='word_1_330' title='bbox 875 1779 1081 1828; x_wconf 75' lang='lat' dir='ltr'>Recogito</span> <span class='ocrx_word' id='word_1_331' title='bbox 1104 1779 1197 1819; x_wconf 86' lang='lat' dir='ltr'>dies</span> <span class='ocrx_word' id='word_1_332' title='bbox 1219 1779 1271 1818; x_wconf 88' lang='lat' dir='ltr'>ab</span> <span class='ocrx_word' id='word_1_333' title='bbox 1294 1779 1557 1830; x_wconf 82' lang='lat' dir='ltr'>antiquitate</span> 
     </span>
     <span class='ocr_line' id='line_1_75' title="bbox 929 1845 1454 1891; baseline -0.002 -8"><span class='ocrx_word' id='word_1_334' title='bbox 929 1849 969 1883; x_wconf 90' lang='lat' dir='ltr'>et</span> <span class='ocrx_word' id='word_1_335' title='bbox 990 1855 1128 1883; x_wconf 84' lang='lat' dir='ltr'>annos</span> <span class='ocrx_word' id='word_1_336' title='bbox 1152 1845 1428 1883; x_wconf 86' lang='lat' dir='ltr'>saeculorum</span> <span class='ocrx_word' id='word_1_337' title='bbox 1447 1860 1454 1891; x_wconf 93' lang='lat'>;</span> 
     </span>
    </p>
   </div>
   <div class='ocr_carea' id='block_1_14' title="bbox 875 1909 1756 2100">
    <p class='ocr_par' dir='ltr' id='par_1_26' title="bbox 875 1909 1756 2100">
     <span class='ocr_line' id='line_1_76' title="bbox 875 1909 1756 1970; baseline 0.001 -13"><span class='ocrx_word' id='word_1_338' title='bbox 875 1919 1096 1959; x_wconf 76' lang='lat' dir='ltr'>Recordor</span> <span class='ocrx_word' id='word_1_339' title='bbox 1119 1909 1390 1970; x_wconf 78' lang='lat' dir='ltr'>psalmodiae</span> <span class='ocrx_word' id='word_1_340' title='bbox 1413 1932 1534 1960; x_wconf 87' lang='lat' dir='ltr'>meae</span> <span class='ocrx_word' id='word_1_341' title='bbox 1550 1921 1595 1959; x_wconf 92' lang='lat' dir='ltr'>in</span> <span class='ocrx_word' id='word_1_342' title='bbox 1617 1925 1756 1966; x_wconf 89' lang='lat' dir='ltr'>nocte,</span> 
     </span>
     <span class='ocr_line' id='line_1_77' title="bbox 927 1985 1506 2025; baseline 0 -2"><span class='ocrx_word' id='word_1_343' title='bbox 927 1995 1025 2023; x_wconf 83' lang='lat' dir='ltr'>curn</span> <span class='ocrx_word' id='word_1_344' title='bbox 1045 1986 1176 2024; x_wconf 86' lang='lat' dir='ltr'>corde</span> <span class='ocrx_word' id='word_1_345' title='bbox 1199 1996 1294 2024; x_wconf 86' lang='lat' dir='ltr'>meo</span> <span class='ocrx_word' id='word_1_346' title='bbox 1318 1985 1506 2025; x_wconf 86' lang='lat' dir='ltr'>meditor</span> 
     </span>
     <span class='ocr_line' id='line_1_78' title="bbox 928 2050 1583 2100; baseline 0 -11"><span class='ocrx_word' id='word_1_347' title='bbox 928 2055 968 2089; x_wconf 87' lang='lat' dir='ltr'>et</span> <span class='ocrx_word' id='word_1_348' title='bbox 990 2054 1213 2089; x_wconf 82' lang='lat' dir='ltr'>scrutatur</span> <span class='ocrx_word' id='word_1_349' title='bbox 1234 2050 1418 2100; x_wconf 85' lang='lat' dir='ltr'>spiritus</span> <span class='ocrx_word' id='word_1_350' title='bbox 1438 2062 1583 2089; x_wconf 88' lang='lat' dir='ltr'>meus:</span> 
     </span>
    </p>
   </div>
   <div class='ocr_carea' id='block_1_15' title="bbox 874 2125 1978 2317">
    <p class='ocr_par' dir='ltr' id='par_1_27' title="bbox 874 2125 1978 2317">
     <span class='ocr_line' id='line_1_79' title="bbox 874 2125 1875 2176; baseline -0.001 -12"><span class='ocrx_word' id='word_1_351' title='bbox 874 2137 892 2162; x_wconf 87' lang='lat'>«</span> <span class='ocrx_word' id='word_1_352' title='bbox 928 2126 1150 2176; x_wconf 87' lang='lat' dir='ltr'>Numquid</span> <span class='ocrx_word' id='word_1_353' title='bbox 1176 2126 1222 2165; x_wconf 88' lang='lat' dir='ltr'>in</span> <span class='ocrx_word' id='word_1_354' title='bbox 1244 2127 1415 2165; x_wconf 71' lang='lat' dir='ltr'>saerula</span> <span class='ocrx_word' id='word_1_355' title='bbox 1439 2126 1634 2165; x_wconf 75' lang='lat' dir='ltr'>fastidiet</span> <span class='ocrx_word' id='word_1_356' title='bbox 1662 2125 1875 2164; x_wconf 79' lang='lat' dir='ltr'>Dominus</span> 
     </span>
     <span class='ocr_line' id='line_1_80' title="bbox 929 2189 1920 2242; baseline 0.001 -15"><span class='ocrx_word' id='word_1_357' title='bbox 929 2203 948 2226; x_wconf 87' lang='lat'>»</span> <span class='ocrx_word' id='word_1_358' title='bbox 979 2195 1020 2229; x_wconf 87' lang='lat' dir='ltr'>et</span> <span class='ocrx_word' id='word_1_359' title='bbox 1042 2202 1129 2229; x_wconf 92' lang='lat' dir='ltr'>non</span> <span class='ocrx_word' id='word_1_360' title='bbox 1146 2191 1276 2230; x_wconf 85' lang='lat' dir='ltr'>addet</span> <span class='ocrx_word' id='word_1_361' title='bbox 1299 2192 1352 2230; x_wconf 91' lang='lat' dir='ltr'>ad</span> <span class='ocrx_word' id='word_1_362' title='bbox 1375 2192 1742 2242; x_wconf 76' lang='lat' dir='ltr'>complacendum</span> <span class='ocrx_word' id='word_1_363' title='bbox 1767 2190 1879 2229; x_wconf 89' lang='lat' dir='ltr'>ultra</span> <span class='ocrx_word' id='word_1_364' title='bbox 1898 2189 1920 2228; x_wconf 69' lang='grc' dir='ltr'>ἵ)</span> 
     </span>
     <span class='ocr_line' id='line_1_81' title="bbox 875 2266 1978 2317; baseline 0 -13"><span class='ocrx_word' id='word_1_365' title='bbox 875 2279 893 2304; x_wconf 82' lang='lat'>›)</span> <span class='ocrx_word' id='word_1_366' title='bbox 928 2266 1153 2317; x_wconf 88' lang='lat' dir='ltr'>Numquid</span> <span class='ocrx_word' id='word_1_367' title='bbox 1177 2267 1305 2307; x_wconf 82' lang='lat' dir='ltr'>desiit</span> <span class='ocrx_word' id='word_1_368' title='bbox 1322 2268 1367 2307; x_wconf 91' lang='lat' dir='ltr'>in</span> <span class='ocrx_word' id='word_1_369' title='bbox 1391 2270 1521 2307; x_wconf 82' lang='lat' dir='ltr'>tinem</span> <span class='ocrx_word' id='word_1_370' title='bbox 1548 2266 1851 2306; x_wconf 87' lang='lat' dir='ltr'>misericordia</span> <span class='ocrx_word' id='word_1_371' title='bbox 1869 2266 1978 2316; x_wconf 87' lang='lat' dir='ltr'>ejus,</span> 
     </span>
    </p>
   </div>
   <div class='ocr_carea' id='block_1_16' title="bbox 929 2330 2006 2447">
    <p class='ocr_par' dir='ltr' id='par_1_28' title="bbox 929 2330 2006 2447">
     <span class='ocr_line' id='line_1_82' title="bbox 929 2330 2004 2384; baseline 0.001 -16"><span class='ocrx_word' id='word_1_372' title='bbox 929 2344 947 2369; x_wconf 83' lang='grc'>))</span> <span class='ocrx_word' id='word_1_373' title='bbox 981 2333 1155 2372; x_wconf 81' lang='lat' dir='ltr'>finitum</span> <span class='ocrx_word' id='word_1_374' title='bbox 1173 2338 1237 2373; x_wconf 87' lang='lat' dir='ltr'>est</span> <span class='ocrx_word' id='word_1_375' title='bbox 1258 2333 1440 2372; x_wconf 88' lang='lat' dir='ltr'>verbum</span> <span class='ocrx_word' id='word_1_376' title='bbox 1462 2330 1586 2384; x_wconf 88' lang='lat' dir='ltr'>[ejus]</span> <span class='ocrx_word' id='word_1_377' title='bbox 1606 2333 1653 2371; x_wconf 93' lang='lat' dir='ltr'>in</span> <span class='ocrx_word' id='word_1_378' title='bbox 1675 2331 2004 2383; x_wconf 78' lang='lat' dir='ltr'>generationem</span> 
     </span>
     <span class='ocr_line' id='line_1_83' title="bbox 1576 2395 2006 2447; baseline -0.005 -10"><span class='ocrx_word' id='word_1_379' title='bbox 1576 2402 1617 2437; x_wconf 85' lang='lat' dir='ltr'>et</span> <span class='ocrx_word' id='word_1_380' title='bbox 1638 2396 1968 2447; x_wconf 81' lang='lat' dir='ltr'>generationem</span> <span class='ocrx_word' id='word_1_381' title='bbox 1984 2395 2006 2434; x_wconf 70' lang='grc' dir='ltr'>ἶ)</span> 
     </span>
    </p>
   </div>
   <div class='ocr_carea' id='block_1_17' title="bbox 875 2473 2006 2661">
    <p class='ocr_par' dir='ltr' id='par_1_29' title="bbox 875 2473 2006 2661">
     <span class='ocr_line' id='line_1_84' title="bbox 875 2473 2006 2526; baseline -0.001 -14"><span class='ocrx_word' id='word_1_382' title='bbox 875 2488 894 2512; x_wconf 72' lang='grc'>1)</span> <span class='ocrx_word' id='word_1_383' title='bbox 927 2475 1151 2526; x_wconf 85' lang='lat' dir='ltr'>Numquid</span> <span class='ocrx_word' id='word_1_384' title='bbox 1176 2476 1339 2515; x_wconf 81' lang='lat' dir='ltr'>oblitus</span> <span class='ocrx_word' id='word_1_385' title='bbox 1359 2481 1421 2515; x_wconf 87' lang='lat' dir='ltr'>est</span> <span class='ocrx_word' id='word_1_386' title='bbox 1448 2474 1852 2514; x_wconf 87' lang='lat' dir='ltr'>misericordiarum</span> <span class='ocrx_word' id='word_1_387' title='bbox 1868 2473 2006 2520; x_wconf 86' lang='lat' dir='ltr'>Deus;</span> 
     </span>
     <span class='ocr_line' id='line_1_85' title="bbox 930 2539 1966 2581; baseline -0.001 -4"><span class='ocrx_word' id='word_1_388' title='bbox 930 2553 948 2577; x_wconf 91' lang='lat'>»</span> <span class='ocrx_word' id='word_1_389' title='bbox 980 2541 1015 2579; x_wconf 89' lang='lat' dir='ltr'>si</span> <span class='ocrx_word' id='word_1_390' title='bbox 1038 2541 1257 2581; x_wconf 85' lang='lat' dir='ltr'>contrabit</span> <span class='ocrx_word' id='word_1_391' title='bbox 1279 2541 1325 2580; x_wconf 91' lang='lat' dir='ltr'>in</span> <span class='ocrx_word' id='word_1_392' title='bbox 1345 2541 1407 2580; x_wconf 88' lang='lat' dir='ltr'>ira</span> <span class='ocrx_word' id='word_1_393' title='bbox 1431 2539 1762 2580; x_wconf 86' lang='lat' dir='ltr'>misericordias</span> <span class='ocrx_word' id='word_1_394' title='bbox 1778 2550 1879 2578; x_wconf 85' lang='lat' dir='ltr'>suas</span> <span class='ocrx_word' id='word_1_395' title='bbox 1894 2539 1915 2576; x_wconf 83' lang='lat'>⁸!</span> <span class='ocrx_word' id='word_1_396' title='bbox 1948 2550 1966 2575; x_wconf 91' lang='lat'>»</span> 
     </span>
     <span class='ocr_line' id='line_1_86' title="bbox 1820 2618 1952 2661; baseline -0.015 0"><span class='ocrx_word' id='word_1_397' title='bbox 1820 2618 1952 2661; x_wconf 81' lang='lat' dir='ltr'>selah.</span> 
     </span>
    </p>
   </div>
   <div class='ocr_carea' id='block_1_18' title="bbox 875 2764 1737 2870">
    <p class='ocr_par' dir='ltr' id='par_1_30' title="bbox 875 2764 1737 2870">
     <span class='ocr_line' id='line_1_87' title="bbox 875 2764 1737 2816; baseline -0.001 -13"><span class='ocrx_word' id='word_1_398' title='bbox 875 2765 922 2803; x_wconf 88' lang='lat' dir='ltr'>Et</span> <span class='ocrx_word' id='word_1_399' title='bbox 944 2765 1040 2804; x_wconf 90' lang='lat' dir='ltr'>dico</span> <span class='ocrx_word' id='word_1_400' title='bbox 1062 2780 1069 2805; x_wconf 91' lang='lat'>:</span> <span class='ocrx_word' id='word_1_401' title='bbox 1093 2771 1321 2816; x_wconf 86' lang='lat' dir='ltr'>aegrotare</span> <span class='ocrx_word' id='word_1_402' title='bbox 1340 2776 1488 2804; x_wconf 89' lang='lat' dir='ltr'>meum</span> <span class='ocrx_word' id='word_1_403' title='bbox 1512 2765 1607 2815; x_wconf 86' lang='lat' dir='ltr'>[est]</span> <span class='ocrx_word' id='word_1_404' title='bbox 1626 2764 1705 2802; x_wconf 83' lang='lat' dir='ltr'>hoc</span> <span class='ocrx_word' id='word_1_405' title='bbox 1729 2777 1737 2802; x_wconf 91' lang='lat'>:</span> 
     </span>
     <span class='ocr_line' id='line_1_88' title="bbox 927 2828 1725 2870; baseline -0.003 -1"><span class='ocrx_word' id='word_1_406' title='bbox 927 2836 1139 2870; x_wconf 87' lang='lat' dir='ltr'>mutatam</span> <span class='ocrx_word' id='word_1_407' title='bbox 1162 2842 1256 2870; x_wconf 88' lang='lat' dir='ltr'>esse</span> <span class='ocrx_word' id='word_1_408' title='bbox 1272 2831 1470 2870; x_wconf 80' lang='lat' dir='ltr'>dextram</span> <span class='ocrx_word' id='word_1_409' title='bbox 1494 2828 1725 2868; x_wconf 87' lang='lat' dir='ltr'>Altissimi.</span> 
     </span>
    </p>
   </div>
   <div class='ocr_carea' id='block_1_19' title="bbox 873 2904 1848 3021">
    <p class='ocr_par' dir='ltr' id='par_1_31' title="bbox 873 2904 1848 3021">
     <span class='ocr_line' id='line_1_89' title="bbox 873 2904 1565 2956; baseline -0.003 -10"><span class='ocrx_word' id='word_1_410' title='bbox 873 2908 1095 2947; x_wconf 85' lang='lat' dir='ltr'>Recordor</span> <span class='ocrx_word' id='word_1_411' title='bbox 1115 2908 1310 2947; x_wconf 75' lang='lat' dir='ltr'>facinora</span> <span class='ocrx_word' id='word_1_412' title='bbox 1330 2904 1565 2956; x_wconf 77' lang='lat' dir='ltr'>Je}1[0vae],</span> 
     </span>
     <span class='ocr_line' id='line_1_90' title="bbox 925 2971 1848 3021; baseline -0.004 -10"><span class='ocrx_word' id='word_1_413' title='bbox 925 2984 1039 3020; x_wconf 70' lang='lat' dir='ltr'>vere,</span> <span class='ocrx_word' id='word_1_414' title='bbox 1067 2974 1272 3013; x_wconf 84' lang='lat' dir='ltr'>recordor</span> <span class='ocrx_word' id='word_1_415' title='bbox 1290 2972 1343 3011; x_wconf 86' lang='lat' dir='ltr'>ab</span> <span class='ocrx_word' id='word_1_416' title='bbox 1359 2971 1542 3021; x_wconf 78' lang='lat' dir='ltr'>antiquo</span> <span class='ocrx_word' id='word_1_417' title='bbox 1564 2982 1674 3020; x_wconf 84' lang='lat' dir='ltr'>opus</span> <span class='ocrx_word' id='word_1_418' title='bbox 1695 2974 1819 3008; x_wconf 89' lang='lat' dir='ltr'>tuum</span> <span class='ocrx_word' id='word_1_419' title='bbox 1841 2983 1848 3015; x_wconf 92' lang='lat'>;</span> 
     </span>
    </p>
   </div>
   <div class='ocr_carea' id='block_1_20' title="bbox 874 3048 1683 3164">
    <p class='ocr_par' dir='ltr' id='par_1_32' title="bbox 874 3048 1683 3164">
     <span class='ocr_line' id='line_1_91' title="bbox 874 3048 1595 3098; baseline -0.003 -11"><span class='ocrx_word' id='word_1_420' title='bbox 874 3049 921 3088; x_wconf 83' lang='lat' dir='ltr'>Et</span> <span class='ocrx_word' id='word_1_421' title='bbox 947 3050 1133 3089; x_wconf 85' lang='lat' dir='ltr'>meditor</span> <span class='ocrx_word' id='word_1_422' title='bbox 1152 3051 1204 3089; x_wconf 90' lang='lat' dir='ltr'>de</span> <span class='ocrx_word' id='word_1_423' title='bbox 1226 3048 1345 3088; x_wconf 91' lang='lat' dir='ltr'>omni</span> <span class='ocrx_word' id='word_1_424' title='bbox 1369 3059 1500 3098; x_wconf 87' lang='lat' dir='ltr'>opere</span> <span class='ocrx_word' id='word_1_425' title='bbox 1522 3052 1595 3086; x_wconf 85' lang='lat' dir='ltr'>tuo</span> 
     </span>
     <span class='ocr_line' id='line_1_92' title="bbox 926 3111 1683 3164; baseline -0.004 -12"><span class='ocrx_word' id='word_1_426' title='bbox 926 3119 967 3152; x_wconf 89' lang='lat' dir='ltr'>et</span> <span class='ocrx_word' id='word_1_427' title='bbox 987 3115 1039 3153; x_wconf 91' lang='lat' dir='ltr'>de</span> <span class='ocrx_word' id='word_1_428' title='bbox 1062 3114 1335 3164; x_wconf 61' lang='lat' dir='ltr'>{acinoribus</span> <span class='ocrx_word' id='word_1_429' title='bbox 1352 3112 1440 3151; x_wconf 89' lang='lat' dir='ltr'>tuis</span> <span class='ocrx_word' id='word_1_430' title='bbox 1467 3111 1683 3150; x_wconf 85' lang='lat' dir='ltr'>meditor:</span> 
     </span>
    </p>
   </div>
   <div class='ocr_carea' id='block_1_21' title="bbox 874 3180 1736 3305">
    <p class='ocr_par' dir='ltr' id='par_1_33' title="bbox 874 3180 1736 3305">
     <span class='ocr_line' id='line_1_93' title="bbox 874 3180 1644 3240; baseline 0 -13"><span class='ocrx_word' id='word_1_431' title='bbox 874 3189 1002 3234; x_wconf 76' lang='lat' dir='ltr'>Deus,</span> <span class='ocrx_word' id='word_1_432' title='bbox 1031 3191 1075 3229; x_wconf 92' lang='lat' dir='ltr'>in</span> <span class='ocrx_word' id='word_1_433' title='bbox 1095 3191 1325 3230; x_wconf 73' lang='lat' dir='ltr'>sam-tuate</span> <span class='ocrx_word' id='word_1_434' title='bbox 1348 3187 1443 3240; x_wconf 86' lang='lat' dir='ltr'>[est]</span> <span class='ocrx_word' id='word_1_435' title='bbox 1466 3180 1533 3227; x_wconf 87' lang='lat' dir='ltr'>via</span> <span class='ocrx_word' id='word_1_436' title='bbox 1555 3193 1644 3235; x_wconf 85' lang='lat' dir='ltr'>tua,</span> 
     </span>
     <span class='ocr_line' id='line_1_94' title="bbox 927 3252 1736 3305; baseline -0.004 -12"><span class='ocrx_word' id='word_1_437' title='bbox 927 3256 1028 3304; x_wconf 86' lang='lat' dir='ltr'>quis</span> <span class='ocrx_word' id='word_1_438' title='bbox 1046 3257 1153 3295; x_wconf 88' lang='lat' dir='ltr'>deus</span> <span class='ocrx_word' id='word_1_439' title='bbox 1177 3266 1362 3305; x_wconf 79' lang='lat' dir='ltr'>magnus</span> <span class='ocrx_word' id='word_1_440' title='bbox 1384 3254 1498 3293; x_wconf 89' lang='lat' dir='ltr'>sicut</span> <span class='ocrx_word' id='word_1_441' title='bbox 1521 3253 1690 3292; x_wconf 85' lang='lat' dir='ltr'>Elohim</span> <span class='ocrx_word' id='word_1_442' title='bbox 1715 3252 1736 3290; x_wconf 67' lang='grc' dir='ltr'>ἱ)</span> 
     </span>
    </p>
   </div>
  </div>
 </body>
</html>
