2243 3568
1007 143 1244 185 —192—

1558 269 1789 314 PSAUME
1823 270 2004 314 LXXII.

315 382 490 418 Psaume
535 379 811 432 messiamque
857 379 910 419 oft
954 385 1012 419 est
1058 377 1268 430 developpe
1302 384 1472 420 suo-tout
1509 379 1544 420 le
1582 380 1670 421 cote'
1702 380 1910 434 pacifique
1957 382 2014 422 du

236 443 357 494 reone
397 443 452 482 du
499 445 651 490 Messio,
695 455 789 484 avec
833 456 910 483 son
956 444 1229 484 universalito'
1272 450 1310 484 et
1355 456 1403 484 sa
1446 445 1701 497 perpetuitas

1751 444 1911 499 l‘z‘maqe
1957 446 2014 487 du

236 507 494 561 conquerunt
523 508 588 547 des
614 520 806 560 psaumes
826 513 866 549 Il
888 513 925 548 ot
948 512 1017 550 CX
1034 515 1092 548 est
1122 507 1262 548 latsse'e
1292 509 1338 548 de
1359 509 1458 559 cotc‘,
1483 510 1595 549 ainsi
1625 521 1701 564 quc
1735 508 1769 550 le
1807 511 2015 552 caractere

235 571 418 623 d’apocre
461 573 507 612 de
548 571 587 612 ία
627 571 754 613 loide
797 571 970 614 Yahveh.
1007 573 1085 614 Les
1125 574 1269 613 memes
1308 575 1412 614 mdes
1450 575 1504 614 du
1543 576 1682 616 Messio
1720 581 1758 616 et
1806 574 1847 616 la
1889 577 2015 617 meme

236 635 485 690 description
513 636 560 678 de
587 650 663 678 son
696 651 895 691 royaume
927 652 967 679 se
997 643 1234 679 retrouvent
1263 651 1436 693 presque
1468 640 1573 680 dans
1603 639 1656 681 les
1687 641 1834 681 memes
1870 646 2014 682 termes

292 745 445 784 LXXI.
473 768 524 772 —
543 744 581 784 1.
612 746 806 787 Ρ3ΑιΜο3

236 810 278 838 IN
305 798 580 839 SALOMONEM.

310 883 457 920 ,Deus
476 880 669 935 judicium
692 885 803 917 tuum

238 906 319 975 regi
365 930 426 970 (13
467 930 485 949 ²*
525 933 562 965 et
605 927 801 975 justitiam

237 980 341 1012 tuam
366 977 446 1012 11110
468 977 599 1030 regis:
619 977 804 1012 Judicare

236 1024 421 1069 populum
436 1024 567 1059 tuum
560 1035 598 1059 ln
610 1022 800 1070 justitia

236 1075 273 1107 et
283 1082 473 1117 pauperes
487 1072 594 1107 tuos
587 1083 626 1106 111
637 1072 799 1117 judicio.

281 1125 319 1159 3
371 1124 602 1170 Suscipiant
648 1128 801 1160 montes

236 1182 367 1225 pacem
395 1172 596 1217 populo‚*
616 1175 654 1207 et
681 1172 800 1208 colles

235 1219 446 1265 Justitiam.

282 1267 315 1302 4.
361 1266 562 1303 Judicahit
608 1277 798 1313 pauperes

236 1314 382 1360 populi,
427 1317 464 1350 et
509 1314 640 1350 salvos
686 1315 802 1350 faciet

237 1362 339 1397 filios
364 1371 605 1407 pauperum:
628 1361 649 1382 ⁴⁸
669 1365 706 1398 et
733 1362 801 1397 hu-

237 1409 405 1445 miliabit
423 1409 762 1445 calumniatorem.

282 1463 316 1498 5.
353 1463 397 1498 Et
432 1462 677 1508 permanebit
713 1473 801 1499 cum

236 1509 331 1551 sole,
355 1513 393 1545 et
421 1512 512 1545 ante
533 1510 680 1551 lunam,
712 1510 730 1530 ἢ*
762 1511 801 1545 111

235 1557 489 1603 generatione
516 1560 554 1593 et
582 1558 800 1603 generatio-

238 1616 339 1640 nem.

282 1652 317 1687 6.
343 1652 558 1687 Descendet
588 1652 691 1688 sicut
719 1653 800 1698 plu-

238 1699 298 1734 via
334 1700 372 1734 in
412 1700 551 1741 vellus,
573 1699 592 1718 *
625 1703 662 1735 et
698 1701 802 1736 sicut

237 1747 439 1783 stillicidia
461 1747 655 1782 stillantia
683 1758 802 1792 super

238 1797 395 1830 terram.

284 1842 320 1876 7.
373 1841 531 1876 Orietur
578 1841 616 1875 in
661 1841 802 1877 diebus

236 1886 322 1942 ejus
337 1886 493 1934 justitia
509 1891 546 1924 et
560 1889 801 1924 abundantia

236 1936 368 2018 pacis;
403 1936 421 1955 *⁸
447 1935 570 1971 donec
599 1936 802 1971 auferatur

255 1993 332 2018 una

283 2031 317 2066 8.
342 2031 386 2066 Et
402 2029 672 2065 dominabitur
689 2040 709 2065 a
726 2040 800 2065 ma-

237 2077 269 2113 ri
302 2088 426 2123 usque
447 2077 497 2113 ad
527 2087 645 2116 mare,
679 2077 698 2097 “’ῑ“
722 2080 760 2113 et
781 2088 801 2113 a

238 2125 401 2160 flumine
434 2134 558 2170 usque
590 2124 639 2160 ad
666 2124 801 2159 termi—

238 2182 309 2208 nos
330 2172 437 2208 orbis
461 2175 669 2207 terrarum.

284 2226 318 2260 9.
343 2225 479 2260 Coram
508 2225 576 2260 illo
598 2225 802 2270 procident

239 2273 436 2318 AEthiopos
473 2284 479 2307 :
524 2272 542 2291 ²⁸
577 2276 614 2307 et
651 2272 801 2307 inimici

234 2318 321 2365 ejus
342 2323 485 2355 terram
508 2320 674 2365 lingent.

285 2373 339 2408 10.
385 2374 507 2419 Reges
543 2372 716 2411 Tharsis,
764 2375 801 2407 et

238 2421 379 2456 insula}
399 2431 561 2456 munera
582 2420 747 2455 offerent
768 2419 800 2454 ς*

237 2478 349 2513 reges
371 2468 544 2503 Arabum
563 2470 600 2503 et
621 2468 720 2503 Saba
736 2467 799 2503 do-

237 2525 285 2550 na
308 2515 504 2551 adducent
524 2526 531 2550 :

301 2633 344 2671 (1)
363 2632 566 2672 Triomphe‚
588 2632 659 2664 fille
680 2633 723 2663 de
743 2632 837 2671 Sion,

238 2682 365 2710 pousse
382 2674 443 2705 des
465 2675 535 2705 cris
553 2673 790 2714 d’allegresse,
826 2673 898 2705 fille
918 2674 961 2704 de
982 2672 1087 2704 Jeru-

238 2714 333 2760 y0ici
349 2723 418 2755 que
436 2718 494 2745 ton
516 2715 568 2745 roi
589 2715 687 2747 vient
707 2715 723 2745 a
743 2716 791 2746 toi

238 2758 334 2793 Juste
352 2759 385 2787 et
406 2756 620 2795 victoriam,

240 2797 386 2828 humble
404 2799 439 2828 et
457 2798 577 2828 monte
597 2807 660 2829 sur
680 2806 726 2829 un
747 2800 825 2837 ane,

239 2847 301 2868 sur
323 2847 369 2870 un
390 2841 494 2876 anon,
516 2838 547 2869 le
568 2839 658 2877 petit
678 2840 720 2869 de
742 2839 911 2870 ranesse:

1188 763 1417 817 [PSALMns]
1449 766 1704 807 SALOMONIS.

880 891 1007 935 Deus,
1030 890 1195 941 judicia
1219 894 1290 929 tua
1315 889 1404 940 regi
1430 890 1483 929 da

933 960 972 994 et
1003 955 1217 1006 justitiam
1243 960 1362 994 tuam
1384 954 1473 994 filio
1496 956 1610 1006 regis
1633 954 1640 993 !

877 1020 1052 1060 Judieet
1076 1021 1288 1071 populum
1311 1024 1436 1060 tuum
1461 1020 1507 1059 in
1528 1021 1695 1071 justitia

933 1091 972 1125 et
996 1086 1146 1125 fideles
1168 1090 1267 1125 tuos
1287 1086 1335 1124 in
1355 1085 1521 1136 judicio
1546 1084 1554 1124 l

879 1151 1109 1190 Proierent
1130 1155 1300 1190 montes
1324 1162 1475 1201 pacem
1499 1152 1661 1202 populo

932 1220 973 1256 et
994 1216 1141 1264 colles,
1163 1216 1210 1255 in
1231 1216 1400 1267 justitia
1425 1215 1500 1266 (2):

879 1281 1104 1321 Liberabit
1126 1281 1310 1321 miseros
1332 1281 1501 1332 populi,

931 1346 1118 1386 salvabit
1140 1347 1253 1386 filios
1276 1347 1503 1398 pauperis,

931 1416 972 1451 et
993 1411 1269 1451 comminuet
1287 1402 1613 1462 oppressorem.

877 1536 1115 1577 Timebunt
1148 1541 1188 1576 te
1221 1547 1321 1576 cum
1357 1537 1462 1584 sole,

935 1607 975 1642 et
997 1607 1098 1642 ante
1112 1601 1271 1642 faciem
1293 1602 1423 1641 lunae

930 1667 1217 1719 generatione
1235 1668 1576 1719 generationum
1603 1682 1611 1707 :

881 1734 1122 1773 Descendet
1141 1733 1255 1772 sicut
1271 1733 1418 1783 pluvia
1436 1744 1571 1784 super
1587 1738 1764 1773 tonsum
1789 1729 2019 1784 [pratumL

931 1797 1047 1837 sicut
1067 1798 1248 1845 imbres,
1273 1798 1506 1837 inundatio
1532 1803 1696 1846 terrae;

881 1863 1107 1902 Eitlorebit
1129 1863 1173 1901 in
1197 1863 1353 1902 diebus
1376 1863 1469 1913 ejus
1490 1863 1657 1913 justum

932 1932 973 1967 et
994 1927 1234 1967 abundatia
1254 1928 1389 1978 pacis,
1413 1929 1552 1967 donec
1571 1940 1659 1968 non
1676 1927 1766 1981 [sit]
1791 1929 1910 1968 luna.

880 2052 928 2091 Et
950 2051 1254 2091 dominabitur
1274 2063 1295 2090 a
1320 2051 1430 2090 mari
1454 2062 1595 2102 usque
1613 2053 1665 2091 ad
1692 2063 1828 2098 mare,

931 2129 954 2156 a
975 2115 1160 2163 flumine
1182 2127 1321 2167 usque
1343 2117 1393 2155 ad
1420 2116 1528 2155 fines
1546 2121 1688 2156 terrae
1712 2131 1719 2155 :

877 2182 988 2221 Ante
1004 2181 1160 2221 faciem
1177 2182 1583 2232 ejusincurvabunt
1598 2193 1642 2221 se
1662 2181 1822 2221 deserti
1845 2181 2016 2221 incolae

930 2251 970 2286 et
989 2247 1159 2286 inimici
1182 2247 1277 2297 ejus
1296 2247 1520 2297 pulverem
1542 2246 1711 2297 lingent
1738 2259 1746 2292 ;

877 2313 1015 2363 Reges
1037 2311 1212 2351 Tharsis
1234 2316 1275 2351 et
1296 2312 1544 2351 insularum
1564 2312 1729 2350 donum
1756 2311 1930 2350 mittent
1950 2325 1958 2358 3

931 2389 1054 2428 reges
1077 2367 1188 2417 Seba
1212 2382 1252 2416 et
1275 2376 1385 2416 Seba
1420 2377 1585 2415 donum
1608 2377 1828 2416 adducent
1850 2374 1897 2426 (³)
1923 2386 1930 2410 ε

877 2443 969 2482 Imo
991 2443 1238 2483 adorabunt
1259 2453 1358 2481 eum
1382 2452 1536 2481 omnes
1555 2453 1678 2492 reges
1701 2446 1857 2489 terrae,

929 2519 1083 2547 omnes
1103 2512 1255 2558 gentes
1277 2508 1470 2547 servient
1492 2507 1529 2546 ei
1550 2521 1557 2546 :

1162 2640 1253 2671 pour
1272 2629 1425 2662 l'ctablir
1442 2631 1477 2661 et
1497 2629 1682 2661 l'aflermir

1161 2681 1225 2712 par
1248 2672 1279 2703 le
1299 2672 1394 2703 droit
1414 2673 1449 2703 et
1470 2680 1535 2712 par
1552 2671 1582 2701 la
1602 2672 1741 2710 justice,

1159 2715 1222 2745 des
1243 2714 1467 2745 maintenant
1483 2714 1518 2744 et
1537 2713 1554 2742 a
1577 2714 1655 2744 tout
1671 2713 1797 2751 jamais
1815 2713 1823 2744 l

1223 2779 1264 2811 Et
1281 2778 1338 2817 xl,
1359 2778 1389 2817 4,

1137 2852 1142 2856 ·
1161 2838 1187 2869 Il
1205 2839 1326 2878 jugera
1349 2837 1399 2868 103
1418 2838 1525 2877 petits
1542 2845 1627 2867 avec
1645 2837 1770 2875 iustice

1159 2882 1194 2911 et
1212 2879 1284 2910 fera
1306 2879 1400 2910 droit
1420 2887 1491 2909 aux
1513 2878 1690 2914 humbles,
1858 2875 2009 2917 [bouche

946 2714 1086 2756 [salem,

241 2880 303 2911 ...il
321 2888 519 2911 annoncera
537 2880 567 2910 la
581 2881 661 2919 paix
677 2889 746 2911 aux
763 2881 902 2911 nations
931 2879 1083 2920 [l'antre‚

237 2922 272 2951 01.
301 2930 336 2952 33
371 2922 589 2951 (lomination
619 2922 792 2952 s’etendra
829 2923 932 2952 d'une
962 2930 1039 2951 mer
1067 2924 1084 2951 a

237 2962 362 3002 depuis
385 2964 415 2993 10
442 2962 570 2993 Fleuve
598 2963 782 3001 jusqu'aux
805 2964 1014 3043 extrensites
1029 2963 1084 3034 dm

944 3012 1024 3034 mon
1054 3012 1083 3034 e.

300 3057 392 3087 Dans
411 3057 498 3087 isaie
525 3057 582 3094 IX,
600 3066 633 3087 v.
649 3057 667 3087 5
691 3058 726 3088 et
745 3057 930 3088 suivants:

238 3103 288 3134 On
303 3103 335 3135 le
353 3112 536 3134 nommera
559 3104 642 3133 Dieu
659 3104 774 3139 heros,
790 3104 873 3133 Pero
885 3104 1083 3142 (l’eternite,

240 3154 329 3184 pour
349 3145 495 3176 etendre
514 3145 673 3184 l'empiro
780 3143 916 3184 {Princo
932 3145 974 3175 de
990 3145 1082 3184 paix.

240 3188 274 3217 et
294 3187 430 3217 donner
450 3194 518 3216 une
539 3186 620 3225 paix
638 3194 718 3215 sans
738 3186 783 3215 tin

236 3236 279 3258 au
296 3228 397 3258 trone
415 3227 457 3258 (10
478 3227 586 3258 David
609 3228 642 3257 et
661 3227 679 3257 a
696 3235 732 3257 sa
749 3227 908 3266 royaute,

1159 2921 1180 2951 il
1212 2921 1374 2960 trappera
1405 2920 1435 2950 la
1466 2922 1562 2951 terre
1588 2927 1673 2950 avec
1700 2919 1731 2950 la
1763 2926 1871 2958 vei-ge
1899 2917 1942 2948 de
1970 2926 2007 2948 sa

1158 2964 1192 2994 et
1211 2970 1296 2993 avec
1316 2962 1347 2992 le
1363 2962 1485 2992 souffle
1505 2962 1548 2992 de
1569 2969 1624 2992 ses
1645 2961 1760 2991 levres
1777 2959 1801 2990 il
1818 2959 1892 2990 fera
1911 2967 2008 2990 mou-

1673 3001 1739 3041 [rir
1759 3001 1791 3031 le
1812 2999 2007 3032 meabant.

1160 3045 1190 3075 13
1213 3045 1338 3083 justice
1355 3044 1497 3075 ceindra
1519 3051 1574 3074 ses
1595 3044 1717 3075 ssancS.
1733 3065 1759 3074 ..

1160 3086 1191 3116 le
1210 3087 1292 3125 loup
1313 3086 1473 3116 habite-ra
1493 3093 1577 3115 avec
1598 3085 1774 3124 1’33110·10.

1157 3136 1201 3157 011
1219 3135 1263 3157 ne
1283 3127 1355 3157 feri
1378 3126 1457 3166 plus
1477 3127 1520 3156 de
1534 3125 1619 3161 mal

1157 3177 1201 3198 on
1223 3177 1266 3199 ne
1280 3177 1426 3199 causera
1450 3167 1527 3206 plus
1545 3168 1588 3197 de
1605 3166 1725 3197 domm
1729 3173 1828 3205 ige

1157 3211 1192 3240 et
1213 3210 1235 3240 il
1257 3210 1416 3240 arrivera
1441 3217 1483 3239 en
1501 3217 1538 3238 ce
1557 3209 1648 3247 jour-
1637 3207 1695 3246 -13,
1846 3207 1853 3213 “
