2243 3568
1020 193 1256 235 —360—

1561 319 1793 364 PSAUME
1824 320 2024 366 CXXIII.

341 429 541 469 Abandon
573 427 742 468 d'Israiil
776 430 802 468 (1
844 427 1018 478 Yahveh,
1060 436 1098 469 et
1132 430 1268 482 priere
1303 431 1369 470 des
1407 430 1542 483 fideles
1578 444 1687 484 pour
1724 431 1765 473 la
1799 434 2033 485 prosperite'

261 495 306 534 cle
334 506 407 533 son
442 491 584 545 peuple
618 508 626 532 :
661 493 765 532 deux
796 491 979 545 scrophes
1009 494 1056 533 de
1090 495 1190 534 crois
1223 493 1434 549 disciques‚
1472 508 1561 536 vers
1593 497 1639 537 de
1668 498 1695 538 3
1729 500 1770 539 -t-
1798 499 1824 537 2
1851 505 2027 549 αοοεηιε,

314 617 483 658 CXXII.
522 638 571 645 —
607 617 821 656 CmricuM

261 681 480 710 GRADUUM.

311 794 343 828 l.
379 794 437 829 Ad
465 797 501 828 te
537 793 661 828 levavi
688 793 822 828 oculos

261 851 378 879 meos,
420 842 440 859 ¹*
478 841 543 886 qui
590 841 743 876 habitas
782 841 819 875 in

260 887 382 922 coelis.

306 946 343 981 ⁶2.
370 946 463 981 Ecce
487 946 589 981 sicut
619 946 720 981 oculi
744 956 820 981 ser-

260 1003 395 1027 vorum
419 993 439 1011 ἦ
466 993 505 1028 10
540 993 723 1028 inanibus
753 994 822 1028 do-

260 1040 455 1074 minorum
495 1051 671 1080 suorum,
719 1041 822 1076 sieut

259 1087 359 1122 oculi
382 1087 537 1123 ancillae
568 1089 606 1123 in
639 1088 821 1123 manibus

258 1135 425 1169 domin-te
457 1145 551 1171 suae.
583 1136 604 1154 *
634 1136 686 1170 ita
719 1135 821 1170 oculi

260 1182 385 1217 nostri
406 1182 456 1217 ad
479 1183 684 1217 Dominum
703 1183 821 1217 Deum

260 1232 453 1271 nostrum,
483 1230 605 1265 donee
636 1230 822 1265 miserea-

260 1279 323 1310 tur
351 1276 490 1311 nostri.

304 1334 344 1368 3.
371 1335 556 1370 Miserere
578 1336 718 1372 nostri,
753 1336 822 1370 Do-

260 1381 376 1422 mine,
407 1382 592 1417 miserere
620 1383 771 1417 nostri:
800 1382 820 1401 *

258 1428 347 1472 quia
386 1429 553 1464 multum
586 1430 723 1474 repleti
758 1440 818 1464 su-

259 1485 345 1510 mus
367 1476 631 1521 despectione.

267 1572 273 1576 .
305 1535 337 1569 4.
362 1535 457 1577 Quia
480 1535 646 1570 multum
676 1536 820 1580 repleta

259 1585 315 1616 est
350 1582 479 1617 anima
518 1586 678 1617 nostra:
710 1584 727 1601 ³¹*
752 1594 820 1628 op-

258 1629 458 1672 probrium
507 1630 818 1669 abundantibus,

258 1679 293 1710 et
313 1676 511 1721 despectio
527 1678 722 1722 superbis.

1182 618 1396 658 CANTICUM
1427 632 1716 661 ASCENSIONUM
1728 653 1735 660 .

896 798 958 836 Ad
984 802 1023 837 te
1046 798 1183 838 levavi
1206 798 1356 838 000105
1378 810 1514 846 01005,

950 873 973 900 0
996 862 1199 902 habitans
1220 863 1267 902 in
1289 863 1422 903 030115
1442 878 1448 902 ;
1926 863 2027 917 [sui,

898 926 1003 966 Ecce
1025 927 1140 968 sieut
1160 928 1276 968 00011
1309 939 1537 968 servorum
1559 930 1614 969 ad
1645 941 1828 969 manum
1860 930 2028 970 domini

950 992 1399 1038 510010001130011130
1415 994 1469 1033 ad
1487 1005 1668 1034 manum
1684 995 1888 1034 dominae
1903 1006 2026 1042 suae,

897 1057 958 1098 Ita
980 1058 1097 1098 oculi
1119 1057 1258 1098 nostri
1280 1059 1331 1097 ad
1354 1058 1566 1098 Jehovaln
1589 1060 1720 1099 deum
1743 1065 1946 1100 nostrum

950 1124 1089 1163 (10000
1109 1124 1227 1173 quod
1251 1123 1516 1163 misereatur
1535 1125 1698 1165 nostri!

964 1261 980 1275 ¹·
1445 1248 1476 1285 II

897 1347 1103 1388 Miserere
1124 1348 1279 1395 nostri7
1301 1360 1324 1388 0
1345 1348 1522 1396 Jehova,

950 1413 1160 1453 miserere
1182 1414 1334 1459 nostri,

896 1477 1003 1525 Quia
1027 1479 1216 1517 multum
1240 1479 1424 1518 saturati
1448 1490 1603 1518 5011105
1626 1479 1922 1530 despectione,

950 1543 1258 1594 multipliciter
1280 1549 1471 1583 saturata
1498 1548 1562 1584 est
1583 1544 1848 1595 sibimetipsi
1880 1545 2029 1584 anima

896 1607 1104 1647 Irrisione
1127 1619 1405 1655 securorum⁷
1867 1608 2031 1659 {nostra

950 1673 1229 1723 despectione
1251 1674 1546 1724 superborum
1572 1672 1579 1712 1
1607 1673 1653 1723 (¹)

1571 1816 1802 1861 PSAUME
1834 1816 2028 1861 CXXIV.

338 1925 539 1964 som-emt·
573 1925 638 1963 cles
668 1925 853 1976 epreuces
883 1925 1138 1977 d’autrelois,
1157 1928 1409 1967 surmonte'es
1437 1940 1517 1979 par
1537 1926 1571 1968 le
1591 1940 1751 1968 secours
1768 1928 1813 1968 de
1837 1926 2028 1969 Yalweh:

258 1999 355 2028 sans
376 1986 573 2036 strophae,
598 2001 686 2028 vers
707 1990 828 2029 rime's
849 1989 895 2029 (Ie
920 1992 947 2030 3
975 1996 1015 2034 —t-
1049 1993 1075 2030 3
1102 1998 1274 2032 accents.
1305 1993 1333 2032 A
1365 2004 1577 2044 comparer
1594 2005 1702 2045 pour
1731 1992 1769 2033 la
1789 1996 1916 2044 forme
1937 1999 1975 2033 et
1995 1992 2029 2034 le

259 2063 306 2090 su
305 2051 365 2104 jet
384 2064 439 2091 au
455 2065 624 2104 psaume
639 2057 815 2095 CXXIX.
829 2078 878 2084 —
894 2058 967 2095 Les
982 2059 1089 2095 LXX
1107 2064 1144 2095 et
1160 2055 1199 2095 la
1228 2055 1396 2108 Vulqate
1413 2064 1487 2096 ont
1501 2070 1551 2096 eu
1565 2059 1707 2097 raison
1728 2058 1777 2097 de
1793 2060 2029 2109 supprimer

313 2177 498 2215 CXXIII.
523 2199 572 2204 —
606 2177 637 2216 l.

257 2239 341 2267 0011
362 2240 581 2269 0111100011.

681 2180 821 2216 CANTr

305 2306 386 2340 Nisi
409 2307 498 2350 quia
520 2307 706 2343 Dominus
740 2312 823 2343 erat

260 2353 297 2386 in
361 2353 487 2395 nobis,
557 2355 661 2390 dicat
718 2366 822 2390 nunc

260 2400 377 2435 lsrael
405 2412 411 2434 :

302 2446 337 2482 ⁵2.
374 2447 456 2482 Nisi
489 2448 578 2493 quia
635 2449 821 2485 Dominus

258 2498 340 2528 erat
363 2494 400 2528 in
419 2495 545 2530 nobis.
565 2496 660 2530 Cum
680 2507 820 2532 exsur-

264 2545 402 2586 gerent
441 2542 619 2577 homines
646 2543 685 2578 10
708 2554 791 2579 005.

303 2590 337 2622 3.
369 2589 480 2624 Forte
503 2590 611 2624 vivos
626 2590 820 2636 deglutis-

258 2638 345 2669 sent
381 2646 464 2670 nos.
499 2638 593 2671 (jum
629 2637 821 2673 irascetur

259 2683 367 2717 furor
383 2694 514 2717 eornm
536 2684 574 2718 in
599 2695 683 2725 nos,

308 2729 337 2762 ¹4.
363 2730 540 2765 Forsitan
563 2742 661 2776 aqua
683 2732 820 2767 absor-

258 2775 408 2811 buisset
427 2787 513 2811 nos.

304 2823 337 2855 33.
384 2823 609 2859 Torrentem
638 2829 819 2869 pertran—

259 2869 349 2902 sivit
401 2871 529 2905 anima
582 2876 714 2907 nostra
740 2884 747 2915 ;
800 2876 820 2892 ³¹⁶

259 2915 422 2950 forsitan
440 2919 719 2961 pertransisset
738 2920 818 2954 ani-

261 2972 318 2995 ma
339 2967 470 2998 nostra
484 2974 621 3009 aquam
638 2966 817 3002 intolera*

262 3008 390 3043 bilem.

305 3056 336 3088 (ἱ,
362 3056 591 3092 Benedictus
614 3059 819 3095 Dominus*

262 3102 325 3144 qui
349 3112 422 3136 non
447 3104 553 3139 dedit
582 3115 651 3139 nos
674 3106 712 3140 in
735 3118 817 3152 cap·

264 3148 405 3181 tionem
426 3150 610 3187 dentibus
629 3163 776 3188 eorum.

1103 2170 1317 2220 CAN'TmcM
1348 2192 1635 2221 AsCENSIoNUM
1671 2182 1820 2220 DAvn).

898 2315 989 2354 Nisi
1011 2316 1173 2356 Jehova
1197 2318 1271 2368 qui
1295 2317 1378 2356 tuit
1399 2317 1648 2364 nobiscum⁷

949 2380 1063 2421 dicat
1085 2382 1214 2421 etiam
1238 2382 1386 2427 Israel,

896 2463 987 2502 Nisi
1008 2463 1171 2519 Jehova
1193 2465 1267 2515 qui
1292 2465 1377 2504 tuit
1396 2465 1643 2512 nobiscum,

949 2528 994 2567 in
1019 2531 1297 2580 exsurgendo
1319 2535 1469 2570 contra
1489 2542 1569 2569 nos
1588 2530 1787 2570 homines

895 2613 1015 2652 Tunc
1036 2613 1158 2652 vivos
1181 2613 1511 2652 devoravissent
1533 2624 1630 2658 nos,

947 2677 993 2716 10
1015 2677 1246 2717 irascendo
1267 2678 1378 2717 iram
1399 2689 1550 2717 eorum
1571 2683 1721 2717 eontra
1743 2677 1849 2717 nos!

893 2760 1013 2799 Tunc
1033 2772 1172 2810 aquae
1194 2759 1527 2800 absorbuissent
1546 2772 1641 2808 nos,

947 2829 1120 2863 torrens
1152 2824 1479 2874 pertransiisset
1498 2836 1633 2875 super
1654 2825 1787 2864 vitam
1809 2829 2022 2872 nostram,

893 2906 1013 2945 Tune
1028 2905 1427 2957 pertransiisseinjt
1447 2918 1580 2957 super
1602 2907 1734 2946 vitam
1757 2911 1953 2962 nostram

945 2983 1086 3022 aquae
1108 2972 1480 3011 intumescentes!

894 3054 1154 3094 Benedictus
1172 3056 1332 3103 [autem
1363 3053 1434 3106 sit}
1456 3055 1619 3095 Jehova
1829 3055 1993 3102 [eorum
2014 3066 2022 3092 ε

946 3119 1021 3168 qui
1045 3130 1132 3158 000
1155 3119 1338 3158 tradidit
1371 3131 1450 3159 005
1484 3118 1561 3171 [in]
1587 3120 1793 3170 praedam
1817 3117 2024 3169 dentibus

324 3252 364 3289 tt)
394 3252 437 3282 Lai
460 3255 620 3285 variante
645 3253 736 3294 [19οὲ
759 3256 944 3296 lavamini,
968 3257 1008 3288 de
1030 3256 1202 3298 l¹0r9ue1l
1222 3257 1281 3288 cles
1300 3257 1405 3289 Grecs
1425 3255 1712 3298 (d’Amz'oclms),
1732 3260 1786 3290 est
1808 3266 1854 3288 un
1878 3265 1946 3297 pur
1969 3257 2024 3295 jeu
