2243 3568
312 277 370 313 13.
407 277 552 313 Delicta
568 278 657 322 quis
681 277 827 312 intelli-

263 324 351 371 git‘?
364 325 412 360 ab
430 324 594 359 occultis
608 324 705 359 meis
716 334 827 359 mun-

263 374 311 408 da
333 382 392 407 me
417 383 423 406 ι

315 419 371 454 14.
406 419 450 453 Et
479 418 527 453 ab
547 418 688 453 alienis
711 428 826 463 parce

264 476 378 502 servo
401 468 480 500 tuo.

310 513 350 548 Si
384 512 458 547 mei
482 522 558 547 non
592 512 741 546 tuerint
761 512 827 547 do-

264 560 417 600 minati,
436 562 530 595 tuno
549 559 825 594 immaculatus

263 618 328 642 ero
364 618 371 641 :
405 606 425 626 .>-÷
456 609 493 641 et
525 606 767 642 emundabor
804 616 825 641 a

263 654 407 690 delicto
428 653 611 696 maximo.

313 701 372 736 15.
407 701 452 736 Et
495 703 613 736 erunt
646 703 689 735 ut
719 709 825 734 oom—

265 749 445 793 plaoeant
457 747 611 792 eloquia
626 747 706 782 oris
723 747 797 781 mei
817 758 823 781 :

265 796 285 815 *
305 798 342 830 et
364 795 566 830 meditatio
593 794 722 829 cordis
751 793 825 828 mei

265 843 305 877 in
326 845 537 887 conspeetu
571 844 636 876 tuo
657 851 823 886 semper.

314 890 474 924 Domine
508 886 666 934 adjutor
701 898 823 929 meus,

264 936 285 956 ³*
300 939 337 972 et
360 937 581 981 redemptor
603 946 727 972 meus.

1041 151 1248 192 -.50..

899 278 1102 328 Amplius
1124 291 1276 320 servus
1298 285 1400 320 tuus
1423 279 1625 319 eruditur
1647 291 1724 331 per
1743 291 1791 319 ea
1816 293 1823 317 :

952 349 999 388 in
1017 351 1309 390 eustodiendo
1326 361 1374 390 ea
1392 362 1560 390 merces
1576 362 1748 402 magna.

902 424 1138 478 [Attamen]
1160 438 1331 466 errores
1350 427 1557 478 quisnam
1577 427 1736 467 novit?

955 508 978 536 a
1000 495 1102 548 [me]
1122 497 1364 537 latentibus
1386 498 1552 537 munda
1571 509 1639 538 me
1663 513 1670 537 ε

900 574 1086 624 Insuper
1106 585 1129 613 a
1149 574 1373 624 superbiis
1396 573 1441 624 (¹)
1467 574 1644 614 contine
1659 586 1836 614 servum
1860 580 2001 616 tuum:

952 656 1007 684 ne
1023 644 1311 684 dominentur
1326 643 1452 693 mihi,
1465 648 1570 685 tunc
1587 643 1674 695 [eni
1684 643 1740 696 m]
1758 642 1928 697 integer
1941 658 2030 696 ero,

953 720 994 754 et
1015 715 1231 754 immunis
1254 727 1326 755 ero
1348 727 1367 755 a
1393 720 1569 766 peceato
1589 727 1762 767 magno.

902 792 999 831 Sint
1020 794 1071 832 ad
1096 793 1422 844 beneplacitum
1447 791 1608 844 [tuum]
1632 794 1763 833 verba
1785 794 1874 834 oris
1896 794 1998 840 mei,

954 868 995 903 et
1016 862 1242 903 meditatio
1265 864 1409 904 cordis
1435 864 1520 903 mei
1544 862 1632 915 [sit]
1656 869 1756 905 ante
1778 865 1934 905 taciem

953 946 977 974 o
996 935 1173 982 Jehova‚
1197 946 1329 986 rupes
1345 946 1441 974 mea
1465 940 1506 975 et
1527 935 1644 976 ultor
1666 935 1726 974 mi
1746 934 1754 974 l
1821 988 1823 991 .
1877 935 2032 984 [tuam,

1650 1059 1882 1103 PSAUME
1933 1059 2032 1104 XX.

347 1175 516 1211 Psaume
535 1169 653 1221 royac
674 1183 722 1210 en
742 1171 845 1210 deur
872 1172 1059 1222 parties:
1091 1171 1226 1222 priare
1256 1182 1363 1222 pour
1399 1169 1432 1210 le
1464 1173 1542 1220 rot,
1567 1174 1604 1210 et
1636 1183 1858 1210 assurance
1891 1183 1966 1224 que
2000 1169 2034 1210 le

267 1242 426 1270 secamus
447 1231 491 1269 de
529 1228 683 1269 Yalweh
706 1242 755 1269 ne
783 1228 841 1269 lui
863 1241 1090 1283 manquera
1123 1242 1210 1281 pas.
1238 1233 1285 1269 Le
1305 1228 1584 1281 parallelisme
1605 1242 1656 1269 en
1687 1235 1745 1270 est
1767 1230 1846 1270 tras
1875 1231 2030 1281 soiqne',

269 1288 322 1329 les
341 1301 429 1328 vers
449 1293 541 1328 sont
568 1289 613 1328 de
644 1290 670 1328 3
692 1291 732 1330 4-
754 1290 779 1327 3
800 1295 974 1329 (moerus.
1003 1288 1038 1328 Ιί
1060 1294 1117 1328 est
1149 1286 1366 1328 semblable
1394 1301 1449 1329 au
1480 1290 1649 1329 suivant
1676 1296 1811 1342 quam
1837 1301 1892 1329 au
1923 1290 2033 1340 qu'et

320 1397 432 1436 XIX.
467 1419 516 1423 -
551 1396 587 1434 1.
624 1396 667 1434 ΙΝ
701 1408 827 1435 FINEM

268 1461 454 1489 PSALMUS
478 1450 623 1488 DAvm.

312 1539 349 1573 2.
374 1537 563 1573 Exaudiat
581 1540 617 1572 te
637 1537 826 1572 Dominus

267 1586 306 1620 in
321 1585 383 1621 die
401 1584 671 1620 tribulationis
687 1584 726 1618 z*
742 1594 823 1628 pro-

268 1636 372 1678 tegat
393 1635 428 1668 te
446 1642 587 1666 nomen
608 1631 672 1666 Dei
691 1631 824 1666 Jacob.

312 1681 348 1715 3.
385 1680 514 1714 Mittat
539 1679 607 1714 tibi
631 1678 824 1713 auxilium

265 1728 312 1762 de
339 1730 474 1762 sancto
507 1738 513 1761 :
544 1729 563 1745 ³*
597 1729 633 1761 et
655 1726 701 1761 de
732 1726 824 1760 Sion

268 1777 423 1809 tueatur
444 1777 492 1808 te.

314 1822 348 1856 ἰ.
384 1822 528 1855 Memor
553 1820 605 1855 sit
622 1820 750 1854 omnis
769 1829 826 1854 sa-

266 1868 403 1903 criticii
443 1868 496 1901 tui
540 1879 545 1901 :
585 1869 605 1885 *
641 1870 678 1901 ot
718 1867 825 1901 tiolo-

265 1918 443 1950 raustum
461 1919 568 1949 tuum
583 1914 726 1958 pingue
745 1914 823 1947 liat.

312 1963 349 1997 fi.
382 1962 544 1996 Tribuat
580 1960 648 1995 tibi
684 1971 825 1995 secun-

266 2010 356 2044 dum
380 2019 445 2043 ‹zor
470 2012 578 2042 tuum
599 2019 605 2042 :
628 2007 693 2041 *vt
713 2018 826 2042 omne

264 2056 472 2092 consilium
488 2055 823 2089 tuumcontirmet.

311 2105 344 2138 (ἱ.
366 2101 826 2137 La·tal)imur'i11saluta-

266 2151 298 2185 ri
320 2154 385 2186 tuo
404 2162 410 2184 :
429 2150 449 2169 ³⁸⁶
467 2152 505 2184 et
528 2149 565 2183 in
583 2148 823 2183 nomine-Dei

266 2198 391 2233 nostri
414 2195 769 2242 magnificabimur.

312 2246 348 2281 7.
414 2244 575 2289 Impleat
635 2242 824 2277 Dominus

264 2302 398 2327 omnes
421 2291 630 2336 petitiones
657 2292 744 2324 tuas
777 2301 783 2323 :
805 2290 825 2308 *

266 2350 370 2374 nunc
379 2338 542 2383 cognovi
556 2337 739 2382 quoniam
751 2336 826 2371 sal-

266 2397 354 2421 vum
380 2386 469 2420 let-it
488 2385 676 2420 Dominus
694 2383 825 2419 Chris-

267 2437 346 2468 tum
369 2443 497 2468 suum.

314 2480 501 2515 Exaudiet
525 2478 633 2513 illum
656 2478 703 2513 de
727 2477 824 2512 roelo

264 2530 399 2561 S'illtftt)
417 2537 487 2561 suo
512 2537 518 2560 :
548 2531 558 2543 ⁹
587 2525 624 2559 in
644 2527 823 2569 potenta—

267 2574 370 2608 tibus
398 2574 505 2608 salus
523 2573 694 2607 dextorw
722 2569 820 2616 ejus.

310 2622 347 2656 8.
384 2621 426 2654 lli
452 2620 488 2654 in
509 2619 706 2657 curribus,
731 2618 821 2652 ethi

267 2668 303 2702 in
327 2668 437 2711 cquis
459 2679 465 2701 ;
489 2666 507 2684 ²
531 2676 600 2700 nos
626 2669 755 2700 aulem
784 2665 821 2699 in

266 2715 421 2749 nomine
458 2713 606 2747 Domini
638 2712 702 2747 Dei
732 2722 822 2746 nos-

267 2762 315 2796 tri
340 2760 621 2795 invocabimus.

311 2809 344 2843 9,
371 2807 444 2852 lpsi
471 2806 631 2851 obligati
655 2808 762 2841 sunt,
786 2808 823 2839 ct

264 2855 489 2889 eet-iderunt
515 2865 520 2887 :
549 2858 565 2871 ²*
592 2863 662 2887 nos
691 2854 820 2887 autom

264 2901 509 2936 surreximus
542 2903 578 2934 et
606 2898 724 2934 erecti
754 2909 820 2932 su—

265 2958 364 2982 mus.

312 2996 368 3029 ¹10.
407 2995 565 3027 Domine
587 2994 736 3027 salvum
764 2992 819 3025 lav

265 3053 415 3087 regem:
438 3044 501 3074 *vt
528 3040 664 3074 oxornat
692 3050 760 3072 nos
784 3038 820 3072 in

262 3090 336 3130 dte,
354 3099 426 3133 qua
446 3086 756 3122 invorax'vrimus
773 3088 819 3119 te.

1030 1397 1060 1435 I.
1095 1419 1145 1424 —
1176 1397 1487 1445 PRAECENTom,
1513 1408 1700 1436 PSALMUS
1727 1397 1876 1436 DAvm.

902 1538 1116 1579 Exaudiat
1138 1544 1178 1579 te
1195 1539 1358 1579 Jehova
1382 1539 1428 1578 in
1447 1539 1518 1579 die
1540 1538 1856 1587 tribulationis,

954 1604 1000 1643 in
1021 1605 1159 1644 altum
1186 1609 1316 1654 ponat
1334 1610 1375 1644 te
1394 1615 1555 1644 nomen
1580 1604 1653 1643 Dei
1672 1604 1807 1644 Jacob
1828 1619 1836 1644 ε

901 1668 1040 1708 Mittat
1063 1670 1283 1708 auxilium
1304 1666 1428 1709 tuu'm
1454 1670 1507 1708 de
1530 1669 1782 1709 sanctuario

954 1739 994 1773 et
1013 1745 1065 1772 ex
1086 1734 1189 1773 Sion
1210 1734 1365 1773 fulciat
1388 1739 1426 1773 te
1452 1749 1459 1773 :

901 1798 1174 1838 Reeordetur
1195 1810 1349 1838 omnes
1372 1797 1617 1838 oblationes
1642 1803 1738 1838 tuas
1946 1847 1950 1852 Ι

954 1864 1314 1903 etholoeaustum
1340 1869 1465 1902 tuum
1488 1864 1733 1914 jucundum
1761 1864 1938 1912 habeat;

903 1928 979 1966 Det
1002 1928 1080 1967 tibi
1105 1930 1348 1967 seeundum
1371 1934 1585 1967 cortuum

953 1998 994 2032 et
1015 2004 1145 2032 omne
1168 1993 1403 2032 eonsilium
1426 1998 1549 2032 tuum
1568 1992 1771 2043 impleat!

900 2056 1123 2107 [Utinam]
1144 2057 1393 2096 exultemus
1410 2062 1587 2107 propter
1603 2057 1889 2097 salvationem
1912 2063 2028 2098 tuam

953 2127 993 2162 et
1014 2121 1059 2161 in
1081 2122 1261 2161 nomine
1281 2122 1355 2161 Dei
1378 2122 1519 2161 nostri
1542 2122 1700 2161 vexilla
1724 2122 1947 2173 erigamus
1965 2122 2027 2173 (²)!

1825 2190 1944 2232 secan
1966 2191 2028 2244 (³).

1443 2304 1478 2342 ΙΙ

899 2398 1104 2449 Implebit
1123 2398 1283 2437 Jehova
1308 2409 1462 2437 omnes
1485 2397 1719 2448 petitiones
1742 2403 1860 2445 tuas;

950 2475 1070 2503 nune
1091 2463 1181 2502 seio
1203 2464 1321 2513 quod
1343 2462 1530 2502 salvabit
1547 2462 1710 2501 Jeliova
1728 2467 1910 2502 unctum

1843 2527 1995 2578 [suum
2018 2542 2027 2575 ;

898 2593 1112 2633 Exaudiet
1130 2604 1230 2633 eum
1255 2604 1307 2633 ex
1322 2593 1455 2632 caelis
1477 2591 1722 2631 sanctitatis
1744 2603 1848 2632 suae

951 2672 1029 2711 per
1050 2660 1242 2699 facinora
1264 2658 1419 2698 salutis
1437 2658 1643 2698 dexterae
1662 2669 1780 2697 suae.

898 2726 972 2765 Isti
996 2725 1041 2764 in
1062 2724 1268 2764 curribus
1287 2728 1327 2762 et
1346 2722 1418 2762 isti
1445 2722 1490 2761 in
1512 2723 1652 2773 equis,
1765 2722 2024 2773 gloriamur.

950 2791 1023 2829 sed
1047 2801 1126 2828 nos
1148 2788 1194 2827 in
1215 2787 1395 2827 nomine
1409 2787 1614 2835 Jehovae‚
1639 2786 1716 2826 Dei
1737 2786 1892 2834 nostri,

898 2853 1044 2904 [Ideo]
1067 2853 1339 2892 inclinantur
1354 2856 1395 2891 et
1410 2852 1573 2891 eadunt

949 2919 1021 2957 sed
1047 2930 1125 2957 nos
1144 2916 1360 2967 erigimur
1381 2921 1422 2955 et
1441 2921 1703 2967 perstamus.

897 2985 927 3021 (i
945 2983 1123 3028 Jeinwa,
1148 2982 1265 3021 salva
1291 2980 1336 3031 (²)
1362 2992 1523 3032 regem,

950 3047 1107 3086 exaudi
1131 3058 1210 3085 nos
1232 3046 1277 3085 in
1293 3046 1362 3086 die
1380 3057 1464 3096 qua
1482 3046 1744 3085 clamamus.

323 3205 365 3241 (1)
395 3203 452 3234 Les
479 3204 668 3240 elravzyers
701 3202 788 3231 dans
815 3200 864 3230 les
898 3198 983 3229 LXX
1015 3199 1050 3227 et
1078 3195 1109 3226 111
1142 3197 1303 3236 Vulgate,
1322 3198 1384 3236 qui
1404 3199 1464 3228 ont
1493 3196 1529 3228 lu
1552 3203 1676 3226 sarim
1699 3205 1789 3236 pour
1815 3194 1960 3232 zethum
1990 3194 2023 3226 la

262 3246 360 3283 lecon
383 3246 426 3276 de
445 3245 604 3276 l'hebreu
626 3245 680 3274 est
693 3241 934 3272 evidemment
953 3238 1150 3268 meilleur-e.

322 3288 368 3322 (2)
391 3283 569 3325 Neqaddet
587 3284 623 3314 lu
641 3292 730 3324 pour
747 3279 887 3320 vtidqol,
912 3288 959 3311 un
981 3280 1055 3310 mot
1073 3287 1154 3310 rare
1174 3279 1351 3318 remplace
1371 3287 1435 3318 par
1462 3287 1509 3309 un
1535 3277 1615 3318 plus
1640 3285 1821 3316 commun,
1851 3277 1939 3308 dans
1969 3277 2021 3309 les

259 3328 345 3359 LXX
367 3330 401 3359 et
425 3327 456 3358 la
479 3326 637 3366 Vulgate.
