2243 3568
246 332 301 368 10.
327 333 526 368 Protector
548 334 682 367 noster
699 341 756 367 as-

197 382 293 426 pice,
314 382 413 415 Deus
431 390 438 422 ;
455 379 475 398 ²
493 382 531 414 et
549 379 698 424 respice
718 379 756 414 in

174 430 177 433 ’
198 427 334 464 taciem
357 426 495 461 christi
520 426 590 461 tui.

244 475 299 510 11.
321 474 416 518 Quia
435 474 573 508 melior
593 477 653 509 est
673 474 758 509 dies

198 533 273 557 una
294 522 330 556 in
350 521 483 557 attriis
504 521 582 555 tuis
601 520 620 539 ²
639 531 758 566 super

196 570 318 604 millia
341 581 348 607 ;
377 568 481 613 Elegi
500 566 679 613 abjectus
701 580 759 603 es-

196 627 236 651 se
259 617 297 651 in
319 617 432 651 domo
457 616 519 650 Dei
540 615 628 655 mei,
646 616 665 634 ²
680 622 758 651 vina-

194 665 255 710 gis
281 674 396 709 quam
425 663 602 698 habitare
631 663 669 697 in
705 666 754 699 ta-

195 710 418 746 bernaculis
438 714 699 755 peccatorum.

242 759 297 793 12.
321 758 416 801 Quia
447 758 756 793 misericordiam

194 806 445 841 etveritatem
462 805 595 851 diligit
612 806 723 848 Deus;
738 808 758 825 ²

194 853 362 898 gratiam
390 856 428 888 et
454 853 620 899 gloriam
648 853 757 888 dabit

199 901 397 936 Dominus.

246 949 297 983 13.
330 949 411 983 Non
440 947 612 992 privabit
643 947 757 983 bonis

194 1006 258 1030 eos
277 995 342 1040 qui
364 995 568 1030 ambulant
588 995 626 1029 in
647 995 755 1030 inno-

194 1043 321 1078 centia
352 1054 359 1085 ;
389 1042 409 1061 ²
441 1043 599 1077 Domine
629 1042 757 1077 virtu-

196 1093 290 1129 tum,
306 1090 443 1124 beatus
463 1090 575 1125 homo
591 1090 657 1135 qui
675 1100 755 1135 spe-

194 1141 253 1173 rat
277 1137 314 1172 in
340 1141 391 1172 te.

967 208 1205 248 —234—

831 333 862 372 Ο
897 334 1060 376 Jehova
1084 334 1255 374 Elohim
1283 334 1487 383 Sabaoth,
1522 335 1680 375 exaudi
1721 335 1962 377 orationem

884 401 1099 448 ausculta,
1123 412 1147 439 o
1170 401 1284 440 Deus
1303 400 1436 439 Jacob
1461 416 1469 447 ;
1786 399 1961 453 [meam‚

834 478 1016 518 Scutum
1040 483 1260 526 nostrum,
1284 477 1446 528 aspice,
1476 478 1601 525 Deus,

886 548 927 583 et
950 544 1119 594 respice
1143 543 1297 582 faeiem
1323 543 1443 582 uncti
1467 543 1530 582 tui
1554 542 1616 590 (¹33

834 621 973 659 Etiam
997 621 1138 659 bonus
1158 618 1252 671 [est]
1274 620 1431 659 diesin
1454 620 1579 659 atriis
1600 620 1686 659 tuis

886 697 988 736 prae
1012 685 1132 724 mille
1152 700 1160 732 ;

832 764 952 814 Eligo
974 763 1111 802 limen
1133 774 1347 813 occupare
1369 762 1414 801 in
1434 763 1564 802 domo
1583 762 1658 802 Dei
1680 762 1763 801 mei

886 840 988 879 prae
1004 828 1252 867 inhabitare
1267 828 1310 866 in
1329 827 1626 867 tabernaculis
1641 827 1897 878 impietatis;

832 906 940 953 Quia
962 906 1026 945 sol
1046 910 1087 945 et
1108 911 1282 945 scutum
1306 904 1402 957 [est]
1425 905 1587 945 Jehova
1611 905 1799 953 Elohim,

885 971 1073 1022 gratiam
1097 976 1137 1010 et
1159 970 1346 1021 gloriam
1371 971 1444 1010 dat
1464 970 1626 1010 Jehova
1648 985 1656 1017 ;
1831 980 1934 1033 [tate
1956 996 1964 1021 :

834 1048 927 1087 Non
945 1048 1131 1098 denegat
1157 1048 1320 1087 bonum
1349 1047 1681 1087 ambulantibus
1708 1046 1753 1085 in
1787 1047 1948 1097 integri

885 1125 909 1152 o
929 1113 1091 1153 Jehova
1116 1113 1321 1161 Sabaoth,
1345 1113 1496 1152 beatus
1519 1112 1586 1151 vir
1613 1123 1796 1163 sperans
1817 1111 1862 1150 in
1897 1109 1963 1151 te!

1484 1254 1715 1298 PSAUME
1747 1253 1962 1297 LXXXV.

272 1373 410 1413 Psi-iere
430 1385 535 1425 pour
557 1386 632 1426 que
654 1375 755 1413 Dieu
777 1374 899 1414 rende
920 1386 966 1413 sa
994 1372 1143 1425 savem³
1163 1374 1188 1413 c'z
1210 1372 1352 1422 lsrael,
1369 1385 1522 1413 ravenn
1543 1385 1592 1412 en
1619 1372 1821 1412 palestine
1847 1372 1966 1423 apres

193 1437 232 1478 m
261 1440 453 1490 captivit&
491 1439 536 1478 cle
570 1437 785 1490 Babylone,
818 1441 921 1478 mais
950 1438 1107 1479 [ullane
1131 1442 1271 1478 contre
1304 1439 1350 1478 de
1384 1437 1644 1478 nombreuses
1678 1436 1890 1490 diffienlte's
1929 1443 1967 1477 et

190 1502 382 1556 coupable
401 1505 445 1543 de
469 1503 695 1544 nombreuuz·
712 1503 886 1556 mesatis,
911 1516 1062 1544 comme
1082 1517 1136 1543 on
1158 1503 1370 1555 l’apprend
1395 1517 1473 1556 par
1494 1503 1547 1544 les
1570 1502 1689 1543 liores
1709 1501 1905 1542 d’Esdras
1926 1508 1967 1542 et

249 1630 757 1669 LXXXIV.—1.INF1NEM

193 1694 310 1722 ritus
333 1684 460 1731 (joan,
482 1694 682 1722 PSALMUS.

240 1806 274 1841 ⁶2.
300 1807 554 1845 Benedixisti,
580 1808 755 1847 Domine,

196 1857 339 1888 terram
364 1857 468 1889 tuam
490 1865 497 1897 ;
521 1854 540 1873 ²
575 1855 756 1890 avertisti

194 1901 429 1946 captivatem
451 1902 584 1937 Jacob.

243 1949 275 1983 3.
317 1948 515 1983 Remisisti
569 1949 757 1994 iniquita—

196 1999 271 2030 tem
307 1996 431 2040 plebis
472 1999 547 2031 tuae
569 2007 577 2039 ;
600 1997 619 2015 ²
673 2008 757 2042 ope*

196 2043 312 2077 ruisti
399 2044 528 2078 omnia
602 2048 758 2089 peccata

196 2101 343 2125 eorum.

243 2138 275 2172 4.
290 2137 478 2182 Mitigasti
494 2148 647 2173 omnem
662 2139 758 2173 iram

198 2187 327 2225 tuam;
351 2184 369 2203 '³²
408 2185 589 2220 avertisti
617 2186 666 2221 ab
703 2187 758 2221 ira

197 2232 484 2275 indignationis
501 2236 591 2268 tute.

243 2280 276 2314 ὃ.
302 2281 494 2314 Converte
516 2291 600 2322 nos,
642 2282 757 2319 Deus,

196 2326 384 2361 salutaris
440 2331 592 2370 nostem
645 2328 665 2347 ²
723 2331 760 2363 et

195 2377 327 2409 averte
351 2375 444 2409 iram
470 2378 608 2410 tuama
631 2376 757 2411 nobis.

242 2422 275 2455 (ἰ.
296 2422 491 2467 Numquid
511 2423 549 2457 in
565 2427 758 2458 internum

198 2469 380 2503 irasceris
424 2470 536 2504 nobis
565 2468 584 2504 ἰ)
616 2471 635 2489 ²
692 2475 761 2506 aut

197 2517 384 2551 extendes
408 2517 502 2551 iram
522 2521 626 2552 tuam
646 2529 757 2563 geno-

198 2563 406 2597 rationein
430 2566 724 2609 generationem
743 2565 761 2600 ‘.'

244 2611 275 2644 7.
312 2612 426 2649 Deus,
468 2615 506 2647 tu
544 2623 759 2648 conversus

197 2657 414 2692 vivilicabis
438 2670 529 2701 nos3
553 2660 572 2678 ²
595 2664 632 2695 et
650 2661 759 2705 plebs

198 2708 261 2739 tua
286 2705 486 2741 lwtabttur
505 2708 541 2741 in
568 2711 615 2742 te.

242 2754 275 2787 8.
307 2754 476 2787 Ostende
516 2755 642 2791 nobis,
686 2756 759 2789 Do-

197 2799 313 2840 mine,
376 2800 759 2837 misericordiam

198 2848 329 2885 tuam:
353 2846 372 2865 ²
394 2850 431 2882 et
453 2848 626 2884 salutare
650 2852 759 2884 tuum

196 2893 243 2928 da
266 2893 378 2928 nobis

243 2939 276 2974 9.
301 2941 466 2976 Audiam
496 2943 590 2986 quid
631 2943 761 2988 loqua-

199 2987 317 3021 turin
336 2998 395 3022 me
417 2989 603 3024 Dominus
623 2991 760 3026 Deus.²

140 3060 143 3063 .
197 3034 379 3078 quoniam
413 3035 593 3080 loquetur
628 3048 757 3082 pacem

200 3081 237 3115 in
258 3081 406 3125 plebem
427 3094 535 3117 suain
553 3095 559 3123 ;
577 3085 619 3119 Et
642 3095 758 3129 super

198 3131 355 3163 sanctos
392 3140 497 3170 suos,
528 3131 545 3149 '²
574 3135 609 3165 et
633 3132 757 3167 ineos

198 3175 262 3219 qui
288 3180 574 3212 convertuntur
601 3179 647 3213 ad
669 3190 751 3215 cor.

932 1631 1252 1669 PRAEcENTonl:
1283 1630 1491 1669 Fmoaum
1523 1629 1637 1670 Com:
1664 1641 1866 1669 PSALMUS.

1393 1736 1409 1775 Ι

833 1828 1102 1867 Benevolens
1124 1828 1262 1875 fuisti,
1283 1839 1306 1867 o
1326 1828 1505 1872 Jehova,
1530 1832 1670 1866 terrae
1692 1831 1802 1873 tuae,

887 1892 1102 1931 reduxisti
1125 1892 1421 1942 captivitatem
1441 1892 1589 1939 Jacob,

834 1969 1058 2008 Remisisti
1080 1969 1361 2019 iniquitatem
1385 1969 1535 2019 populi
1559 1969 1637 2016 tui,

886 2034 1099 2084 operuisti
1121 2046 1251 2073 omne
1272 2039 1498 2085 peccatum
1516 2046 1685 2081 eorum,

834 2111 1055 2160 Collegisti
1078 2122 1255 2150 omnem
1277 2111 1472 2149 furorem
1496 2115 1638 2157 tuum,

888 2176 1142 2215 convertisti
1165 2181 1205 2215 te
1225 2177 1278 2215 de
1299 2177 1455 2215 ardore
1476 2175 1568 2214 irae
1592 2180 1704 2214 tuae.
1832 2171 1965 2213 Selah.

836 2254 1046 2293 Converte
1071 2265 1164 2297 nos,
1190 2265 1214 2293 o
1238 2254 1350 2292 Deus
1374 2252 1529 2292 salutis
1551 2257 1740 2300 nostrae,

889 2324 929 2358 et
952 2319 1104 2369 [range
1126 2318 1402 2357 iracundiam
1421 2322 1540 2356 tuam
1565 2322 1713 2356 contra
1731 2328 1832 2356 nos:

837 2397 1060 2447 Numquid
1087 2396 1131 2434 in
1155 2401 1382 2434 aeternum
1408 2394 1612 2433 irasceris
1634 2394 1778 2442 nobis,

889 2463 1035 2502 trahes
1064 2462 1176 2500 iram
1202 2465 1320 2500 tuam
1343 2460 1388 2498 in
1418 2459 1747 2510 generationem
1777 2464 1818 2498 et
1839 2470 1967 2509 gene-

838 2541 988 2580 Nonne
1012 2545 1055 2579 tu
1082 2550 1237 2578 rursus
1258 2537 1503 2577 vivificabis
1524 2548 1600 2575 nos
1689 2536 1921 2585 [rationem
1945 2536 1966 2575 ἱ)

889 2610 928 2644 et
953 2605 1141 2655 populus
1160 2608 1263 2643 tuus
1284 2602 1569 2642 laetabuntur
1590 2602 1635 2640 in
1658 2607 1697 2640 te
1715 2602 1736 2640 ἶ)

837 2683 917 2721 Fac
938 2693 1017 2721 nos
1040 2681 1202 2726 videre,
1228 2694 1251 2719 o
1271 2681 1450 2725 Jetmva,
1472 2678 1823 2718 misericordiam
1842 2683 1963 2718 tuam

888 2752 929 2786 et
950 2747 1137 2786 salutem
1162 2750 1280 2785 tuam
1303 2746 1356 2785 da
1378 2743 1528 2784 nobis!

1385 2905 1421 2943 II

835 3044 1022 3084 Audiam
1048 3046 1155 3096 quid
1180 3046 1388 3096 loquatur
1412 3046 1525 3084 Deus
1544 3045 1733 3084 Jehova:

886 3122 984 3150 nam
1007 3112 1205 3162 loquitur
1227 3124 1375 3162 pacem
1398 3113 1450 3151 ad
1471 3112 1682 3162 populum
1704 3122 1832 3149 suum
1851 3114 1891 3149 et
1912 3110 1963 3149 ad

1678 3174 1845 3223 [fideles
1861 3185 1964 3213 suos

264 3298 305 3334 (1)
332 3296 376 3328 CO
400 3295 562 3328 bffltclier
581 3300 664 3338 peut
694 3300 770 3329 otro
806 3300 903 3332 Βίου.
929 3310 971 3331 ou
995 3299 1024 3330 le
1045 3300 1124 3330 chef
1146 3299 1302 3334 d'lsrael,
1330 3301 1422 3338 sujet
1442 3308 1486 3329 ou
1507 3299 1658 3338 regimc.
1684 3298 1746 3328 Ces
1778 3298 1871 3328 deux
1895 3295 1963 3327 dis-
