2243 3568
319 309 353 344 6.
376 309 501 352 Quare
531 306 660 341 tristis
678 315 732 345 eS,
754 304 837 339 ani-

272 366 332 391 ma
355 366 437 389 mea
459 353 479 389 ‘2'
508 357 544 388 et
588 362 707 397 quare
747 361 837 385 con-

274 403 409 438 turbas
432 412 491 435 me
506 399 525 434 ‘a'
543 400 662 444 Spera
681 399 720 432 in
744 399 834 437 Deo,

273 449 455 495 quoniam
477 447 604 482 adhuc
619 446 835 480 confitebor

274 497 331 531 illi
353 496 397 530 ;Ἠ··
410 495 583 530 salutare
600 493 834 533 vultusmei‚

274 547 311 579 et
334 544 435 578 Deus
457 552 580 576 meus.

1037 178 1274 217 —118—

911 305 1044 350 Quare
1062 302 1320 353 deprimeris,
1338 304 1480 341 anima
1500 313 1604 348 mea,

963 373 1000 405 et
1021 378 1148 419 quare
1168 367 1295 418 (semis
1317 378 1438 417 super
1450 377 1512 405 me
1527 369 1545 404 s>

909 447 1033 495 Spera
1074 446 1119 482 in
1152 441 1328 489 Etohim,
1370 444 1566 495 quoniam
1614 455 1764 482 morsus
1803 441 2041 495 qlorificabo

963 506 1136 547 salutem
1154 506 1276 559 saciet
1299 519 1423 554 meae,
1440 514 1478 546 et
1498 508 1614 546 deum
1628 507 1788 547 meum!
1916 509 2040 556 [emm

1602 668 1834 712 PSAUME
1887 668 2042 712 XLIV.

381 806 556 841 Psaume
584 798 791 846 national,
826 797 961 848 priere
989 808 1096 848 pour
1128 794 1169 836 la
1197 794 1428 836 de'livrance
1457 795 1628 836 (Πᾶν-αἰξί
1669 797 1853 848 opprima
1879 807 1959 848 par
1994 794 2048 836 les

274 878 437 918 payetts.
482 862 623 912 Israel,
661 861 734 909 crui,
769 861 871 900 n’esc
905 873 978 912 pas
1016 859 1218 901 idotzttre:
1254 863 1457 914 pom·quoz‘
1492 859 1653 900 Eloltz'm
1685 859 2049 900 l’abandowne-t-il

276 933 301 971 α
323 930 363 971 la
383 930 525 982 fureur
548 928 594 968 cle
615 940 676 967 ses
697 928 879 966 eunemz's
900 930 918 966 ἱ)
937 950 987 953 —
1011 927 1112 979 Cinq
1141 924 1325 978 scrophas
1356 927 1402 966 de
1423 928 1516 980 cinq
1542 925 1753 979 ‹lislt‘ques3
1777 924 1817 965 la
1844 925 2050 966 troisieme

330 1055 476 1095 XLIII.
518 1075 571 1082 —
616 1054 660 1092 IN
697 1063 839 1100 FINEM,

279 1121 395 1147 ficus
437 1108 550 1146 Come
605 1118 658 1145 AD
704 1117 840 1144 INTEL-

278 1173 451 1201 LECTUM.

323 1286 361 1320 2.
388 1285 489 1319 Deus
506 1283 670 1318 auribus
692 1282 842 1317 nostris

277 1330 537 1368 audivimus*
561 1334 692 1375 patres
715 1329 841 1364 nostri

277 1379 617 1415 annuntiaverunt
678 1377 836 1411 nobis.

278 1427 382 1471 Opus
409 1426 509 1470 quod
533 1428 717 1469 operatus
739 1434 780 1458 es
804 1424 841 1457 in

277 1474 416 1510 diebus
438 1482 585 1509 corum,
606 1475 617 1484 '

278 1522 350 1556 bus
367 1520 557 1564 antiquis.

324 1570 361 1602 3.
397 1568 535 1601 Manus
585 1569 649 1601 tua
704 1569 843 1611 gentes

278 1614 527 1660 disperdidit,
570 1617 607 1648 et
653 1613 842 1658 plantasti

278 1673 343 1697 eos
368 1675 373 1697 :
409 1662 429 1681 Ἠ
455 1661 632 1696 afflixisti
665 1660 842 1706 populos,

278 1713 315 1745 et
338 1708 525 1754 expulisti
549 1718 639 1743 eos:

326 1757 362 1791 4.
396 1757 470 1791 Nec
506 1756 609 1791 enim
642 1756 680 1789 in
714 1755 845 1800 gladio

279 1815 350 1839 suo
368 1804 629 1848 possederunt
658 1806 817 1840 terram,

279 1855 316 1886 ct
352 1850 554 1886 brachium
595 1860 728 1884 eorum
768 1859 844 1883 non

280 1898 447 1933 salvavit
474 1908 552 1932 eos.
583 1897 658 1932 Sed
684 1898 846 1932 dextera

282 1949 359 1983 tua,
383 1948 421 1980 et
440 1945 642 1979 brachium
667 1947 791 1980 tuum,
809 1946 846 1977 et

281 1992 519 2027 illuminatio
558 1991 693 2026 vultus
732 1990 808 2029 tui:
833 1989 847 2003 Ἠ

281 2040 462 2084 quoniam
502 2038 773 2083 complacuisti
806 2037 845 2071 in

281 2087 350 2121 eis.

328 2135 364 2167 53.
399 2134 452 2167 Tu
473 2144 513 2167 es
543 2133 625 2177 ipse
648 2143 714 2166 rex
739 2141 848 2166 meus

282 2184 319 2215 et
343 2181 443 2215 Deus
466 2190 594 2221 meus;
618 2179 633 2192 '²‘
654 2179 718 2224 qui
738 2189 848 2213 man-

282 2229 350 2263 das
373 2228 522 2262 salutes
549 2227 681 2262 Jacob.

330 2275 366 2308 (3.
386 2276 423 2308 ln
441 2278 476 2308 te
495 2274 674 2308 inimicos
692 2276 849 2308 nostros

285 2322 564 2355 ventilabimus
600 2331 735 2357 cornu,
769 2320 781 2333 ²*
813 2323 850 2354 et

287 2369 323 2401 in
348 2369 503 2402 nomine
524 2372 589 2402 tuo
617 2377 850 2412 spernemus

287 2415 540 2459 insurgentes
564 2416 601 2449 in
626 2415 753 2450 nobis.

332 2463 367 2496 7.
390 2463 470 2496 Non
485 2463 586 2496 onim
605 2463 642 2496 in
662 2472 754 2497 arcu
769 2472 852 2496 meo

286 2509 449 2553 sperabo
464 2520 470 2549 ς
487 2510 501 2523 *
518 2513 555 2543 et
570 2509 726 2554 gladius
743 2518 851 2543 mens

287 2566 361 2589 non
386 2556 550 2590 salvabit
578 2566 649 2591 mc.

333 2607 370 2637 δ’.
404 2603 571 2637 salvasti
590 2603 692 2637 enim
717 2614 787 2637 nos
806 2603 852 2638 de

287 2649 554 2693 atittgvntibus
602 2660 669 2683 nos
712 2662 718 2684 :
757 2653 767 2660 '⁴
816 2653 853 2684 et

288 2696 464 2730 odit-ntes
488 2707 557 2729 nos
576 2697 803 2731 confudisti.

335 2744 356 2775 1.)
409 2744 447 2776 ln
491 2744 565 2777 beo
609 2743 854 2778 laudabimur

292 2792 369 2823 tota
393 2789 476 2828 die:
509 2790 522 2805 *
553 2793 587 2823 et
628 2790 665 2823 in
699 2790 855 2824 nomine

291 2839 357 2870 tuo
378 2836 653 2870 confitebimur
676 2837 714 2870 in
736 2847 858 2871 saw-u-

291 2882 386 2916 lum.

340 2929 399 2963 10.
433 2929 542 2963 Nunc
577 2932 705 2963 autem
741 2940 856 2974 repu—

293 2975 374 3010 listi
406 2979 443 3010 ct
473 2976 687 3010 confudisti
718 2986 787 3010 nos
813 2988 819 3010 :
847 2977 855 2989 *

293 3025 331 3057 et
365 3033 440 3057 non
473 3022 699 3067 egredieris,
740 3023 855 3059 Deus.

294 3069 510 3103 virtutibus
534 3069 694 3103 nostris.

343 3116 401 3151 11.
425 3116 613 3150 Av<=rttsti
635 3126 703 3149 nos
718 3119 856 3149 ren-or

295 3173 380 3197 sum
422 3166 508 3207 post
548 3163 728 3197 inimicos
770 3172 859 3196 nos—

642 1472 736 1506 etin
760 1471 843 1506 die-

1024 1052 1316 1090 PRAECENTOM
1350 1065 1358 1090 Ζ
1391 1052 1600 1091 FILIORUM
1631 1051 1744 1090 CORE
1770 1061 1940 1090 MASKIL.

1476 1176 1492 1214 I

917 1281 948 1320 Ο
974 1282 1102 1328 Deus,
1125 1294 1201 1332 per
1222 1294 1351 1321 aures
1370 1287 1542 1321 nostras
1564 1282 1832 1328 audivimus,

971 1352 1118 1398 patres
1134 1348 1272 1386 nostri
1296 1352 1590 1386 narraverunt
1612 1347 1739 1386 nobis

918 1424 1036 1475 Opus
1059 1423 1208 1475 [quod]
1232 1425 1397 1464 taciens
1420 1425 1561 1464 fecisti
1585 1425 1631 1463 in
1651 1424 1806 1463 diebus
1824 1435 1992 1467 eorum,

973 1489 1014 1528 in
1039 1490 1196 1529 diebus
1218 1490 1497 1540 antiquitatis
1523 1505 1530 1529 :

919 1568 1136 1614 'l'u‚manu
1154 1571 1402 1617 t11a‚gentes
1418 1567 1661 1606 deturbasti
1680 1571 1721 1606 et
1738 1566 1943 1616 plantasti
1961 1576 2049 1613 eos,

974 1633 1087 1672 male
1110 1633 1304 1672 tractasti
1332 1633 1516 1683 populos
1536 1637 1575 1671 et
1598 1631 1758 1671 misisti
1778 1643 1851 1671 eos
1882 1630 1942 1681 (¹);

921 1712 1026 1750 Nam
1043 1723 1129 1750 non
1145 1723 1221 1761 per
1232 1710 1429 1761 gladium
1445 1721 1574 1749 suum
1587 1710 1879 1760 possederunt
1890 1713 2051 1747 terram

974 1781 1011 1815 et
1029 1775 1261 1815 brachium
1278 1787 1429 1814 eorum
1446 1786 1534 1814 non
1551 1774 1838 1814 salvationem
1855 1773 1957 1813 fecit
1973 1772 2051 1819 eis,

921 1853 1006 1892 Sed
1029 1854 1181 1891 dextra
1206 1858 1292 1899 tua,
1319 1857 1359 1891 et
1377 1851 1608 1891 brachium
1629 1856 1753 1890 tuum
1774 1855 1815 1889 et
1833 1850 1909 1889 lux
1925 1848 2052 1888 faciei

975 1918 1186 1967 quoniam
1212 1917 1428 1967 diligebas
1450 1928 1522 1955 eos
1547 1915 1555 1954 1
1899 1912 2014 1964 [tuae
2042 1927 2050 1952 ε

1832 1987 2000 2041 [Seiam.

1474 2064 1509 2102 II

923 2189 984 2227 Tu
1009 2189 1084 2236 [es]
1109 2188 1203 2238 ipse
1230 2200 1304 2227 rex
1325 2198 1463 2233 meuS,
1489 2199 1513 2226 o
1538 2188 1667 2233 Deus,

977 2253 1079 2304 jube
1102 2253 1264 2292 salutes
1284 2251 1444 2292 Jacob!

925 2331 973 2369 In
996 2335 1036 2369 te
1056 2330 1202 2368 hostes
1225 2334 1398 2368 nostros
1420 2329 1606 2368 ferimus
1629 2326 1816 2379 [cornu]‚

979 2396 1023 2434 in
1060 2395 1238 2434 nomine
1266 2400 1339 2433 tuo
1370 2393 1683 2433 conculcamus
1709 2393 1989 2443 insurgentes
2011 2391 2058 2430 in

926 2473 1036 2512 Vere
1057 2483 1145 2511 non
1167 2472 1212 2511 in
1236 2483 1339 2510 arcu
1363 2483 1459 2510 meo
1478 2471 1649 2510 conlido

980 2541 1021 2576 et
1042 2537 1216 2587 gladius
1238 2548 1361 2575 meus
1381 2547 1469 2575 non
1489 2536 1626 2574 salvat
1649 2546 1744 2574 me:

1931 2467 2025 2519 [nos
2048 2483 2056 2508 :

928 2616 1010 2654 Sed
1035 2615 1176 2653 salvas
1198 2626 1277 2653 nos
1299 2625 1349 2653 ex
1374 2613 1568 2652 inimicis
1595 2612 1758 2652 nostris

981 2686 1022 2719 et
1043 2691 1192 2719 osores
1211 2683 1384 2718 nostros
1404 2678 1640 2717 contundis
1661 2692 1686 2716 :-

929 2758 976 2796 In
996 2758 1165 2796 Etohim
1189 2756 1434 2807 gloriamur
1450 2755 1569 2794 omni
1593 2754 1662 2794 die

983 2827 1024 2862 et
1045 2833 1206 2861 nomen
1228 2827 1353 2861 tuum
1378 2821 1422 2859 in
1442 2825 1670 2860 aeternum
1694 2820 1928 2858 laudamus
1952 2815 1961 2856 l

1874 2890 2007 2934 Selah.

1469 2968 1524 3006 ΙΙΙ

935 3091 1170 3143 [Attamen]
1205 3092 1382 3143 repellis
1416 3097 1456 3131 et
1483 3090 1776 3141 ignominiose
1804 3093 1961 3128 tractas
1982 3098 2062 3126 nos

987 3162 1023 3195 et
1049 3168 1135 3195 non
1158 3157 1251 3195 exis
1273 3168 1371 3196 cum
1396 3156 1662 3196 exercitibus
1683 3154 1846 3193 nostris
1866 3168 1875 3200 ;

337 3298 380 3335 (t)
404 3296 455 3327 Ou
494 3297 586 3334 bien,
621 3293 729 3325 salah
764 3297 920 3335 pouvant
953 3296 1111 3334 signifier
1145 3302 1302 3335 envoyer
1323 3303 1372 3325 <m
1398 3294 1475 3325 loz'n
1498 3304 1542 3326 ou
1567 3292 1711 3324 dtendre
1745 3300 1795 3323 au
1824 3291 1915 3329 lom,
1949 3293 1988 3323 tu
2020 3300 2060 3322 as
