2243 3568
291 305 323 339 7.
347 303 463 345 Audi,
492 302 659 347 populus
678 311 802 341 meus,

244 354 282 386 et
300 351 458 395 loquar;
483 349 616 387 Israel.
637 351 675 383 et
691 348 805 383 testi—

245 398 390 433 ficabor
409 396 479 431 tibi
499 407 506 435 3
530 395 544 409 ²
568 397 683 435 Deus,
704 396 805 430 Deus

246 448 337 480 tuus
359 454 429 489 ego
448 453 549 478 sum.

290 492 324 527 8.
344 492 426 526 Non
446 491 484 524 in
507 490 714 525 sacrificiis
729 489 807 524 tuis

243 549 405 583 arguam
429 541 465 573 te
494 548 501 579 ;
527 537 542 551 ³⁵
581 538 808 576 holocausta

244 590 373 621 autem
413 589 478 620 tua
515 585 554 619 in
594 587 806 630 conspectu

245 643 329 668 meo
351 636 446 667 sunt
467 642 632 676 semper.

291 680 324 715 9.
345 681 427 715 Non
437 679 624 724 accipiam
638 679 684 714 de
696 679 809 714 domo

247 731 311 762 tua
351 727 511 763 vitulos,
547 726 566 745 ³⁶
606 737 731 771 neque
760 727 808 761 de

245 775 433 820 gregibus
454 774 533 809 tuis
549 774 693 809 hircos.

293 822 348 856 10.
374 821 562 865 Quoniam
586 831 679 856 meae
714 823 809 855 sunt

245 879 380 904 omnes
421 869 511 903 ferre
555 868 759 906 silvarum,
789 867 808 885 '³‘

244 914 422 961 jumenta
461 916 499 950 in
533 915 735 950 montibus
772 917 809 949 et

245 964 376 999 boves.

294 1011 349 1045 11
368 1010 541 1055 Cognovi
560 1010 689 1044 omnia
709 1009 808 1044 v-ola

248 1058 331 1093 tilia
369 1058 483 1098 coeli;
506 1056 521 1070 '¹'
557 1061 595 1091 et
634 1056 809 1101 pulchri—

248 1106 341 1140 tudo
361 1105 445 1150 agri
468 1114 619 1139 mecum
640 1107 712 1139 est.

294 1152 350 1187 12.
385 1130 437 1187 *Si
482 1152 677 1191 esuriero,
732 1161 808 1185 non

246 1199 372 1235 dicam
403 1199 502 1241 tibi;
544 1198 565 1218 *
601 1208 710 1233 meus
749 1201 809 1232 est

246 1247 348 1281 enim
378 1247 486 1281 orbis
512 1249 641 1281 terrai.
662 1248 699 1280 et
727 1246 808 1290 ple-

247 1294 386 1329 nitudo
408 1291 507 1339 ejus.

293 1341 550 1385 13.Numquid
569 1339 810 1375 manducabo

246 1398 384 1423 carnes
395 1385 711 1423 tauroru1n‘?³‘aut
724 1397 811 1421 san-

246 1435 405 1481 guinem
423 1435 620 1470 hircorum
639 1434 779 1479 potabo
792 1431 811 1468 *Ρ

295 1482 350 1517 14.
375 1483 534 1517 Immola
560 1483 634 1517 Deo
656 1481 811 1517 sacrifi—

246 1529 349 1564 cium
386 1529 538 1569 laud1s2
565 1529 580 1543 ⁸
616 1533 653 1564 et
694 1529 811 1563 redde

247 1577 453 1611 Altissimo
475 1580 564 1611 vota
588 1579 666 1611 tua.

296 1624 350 1659 15.
370 1624 415 1659 Et
438 1624 574 1659 invoca
596 1634 656 1658 me
679 1623 717 1657 in
749 1623 812 1658 die

249 1671 519 1706 tribulationis
537 1682 545 1713 ς
569 1670 584 1684 ³*
602 1681 735 1706 eruam
760 1674 809 1711 te,

247 1721 285 1753 et
304 1718 583 1753 honorificabis
603 1728 676 1753 me.

294 1765 352 1800 16.
421 1765 617 1801 Peccatori
680 1768 810 1800 autem

248 1812 349 1848 dixit
381 1813 511 1854 Deus;
556 1812 577 1831 *⁵
609 1812 735 1855 Quare
770 1815 812 1846 tu

249 1869 409 1895 enarras
427 1858 604 1905 justitias
627 1869 745 1894 meas.
776 1862 813 1893 et

248 1907 420 1942 assumis
473 1909 812 1941 testamentum

250 1963 377 1988 meum
401 1964 468 1998 per
489 1964 532 1988 os
556 1957 665 1988 tuum
686 1951 705 1987 ⁸?

298 2001 354 2035 17.
377 2001 430 2035 Tu
459 2011 550 2035 vero
582 2000 699 2035 odisti
731 2001 813 2035 dis-

249 2048 437 2092 ciplinam
463 2059 469 2086 :
493 2048 507 2060 *
534 2051 572 2083 et
610 2045 810 2092 projecisti

250 2105 451 2130 sermones
465 2105 570 2129 meos
581 2098 811 2129 retrorsum.

298 2142 353 2177 18,
390 2142 429 2177 Si
471 2142 630 2177 videbas
673 2143 812 2179 turem.

250 2189 436 2224 currebas
451 2199 538 2224 cum
559 2200 614 2228 eo:
638 2188 658 2207 *
673 2192 813 2223 etcum

250 2236 442 2271 adulteris
464 2236 682 2281 portionem
708 2239 813 2271 tuam

251 2284 435 2328 ponebas.

299 2330 354 2365 19.
380 2330 430 2365 Os
465 2333 573 2365 tuum
597 2330 814 2366 abundavit

252 2377 416 2415 malitia,
440 2377 460 2396 *
496 2380 533 2412 et
572 2378 706 2423 lingua
750 2381 814 2412 tua

252 2424 512 2459 concinnabat
530 2425 654 2459 dolos.

298 2471 355 2506 20.
371 2472 518 2507 Sedens
531 2472 722 2507 adversus
736 2473 814 2507 fra-

254 2521 350 2553 trem
373 2521 482 2553 tuum
518 2519 753 2563 loquebaris,
777 2522 814 2554 et

251 2566 442 2600 adversus
504 2566 627 2600 tilium
675 2567 814 2601 matris

197 2625 204 2631 ·
255 2616 329 2646 tua}
362 2613 531 2657 ponebas
553 2614 781 2649 scandalum
805 2625 811 2648 :

298 2659 355 2693 21.
385 2660 624 2697 Haeciecisti,
643 2661 811 2695 ettacui.

255 2706 498 2740 Existimasti
539 2707 672 2750 inique
711 2708 815 2752 quod

253 2763 317 2787 ero
340 2753 395 2787 tui
415 2753 583 2796 similis;
607 2754 626 2773 *
652 2765 813 2797 arguam

255 2803 303 2839 te
324 2803 361 2834 et
386 2803 556 2834 statuam
590 2805 724 2836 contra
765 2803 812 2836 ia-

253 2847 349 2881 ciem
374 2850 492 2881 tuam.

298 2893 356 2928 22.
389 2893 601 2934 Intelliesite
638 2894 718 2929 bre
749 2896 813 2940 qui

252 2940 532 2975 obliviscimini
598 2941 715 2976 Deum
742 2953 749 2980 ;
798 2943 815 2960 '³‘

253 2987 459 3032 nequando
488 2987 627 3031 rapiat,
659 2991 696 3022 et
739 2999 813 3023 non

252 3034 304 3068 sit
326 3034 391 3078 qui
415 3034 569 3078 eripiat.

298 3080 355 3115 23.
404 3080 647 3115 Sacrificium
689 3081 815 3117 laudis

234 3127 526 3162 >honorificabit
546 3137 624 3166 me:
643 3127 662 3146 *
679 3132 716 3162 et
737 3129 816 3163 illic

253 3174 326 3209 iter
383 3185 458 3218 quo
494 3175 697 3210 ostendam
758 3176 814 3209 illi

251 3221 425 3256 salutare
444 3221 524 3256 Dei.

1004 178 1240 217 —136—

1438 303 1455 342 I

881 407 1011 454 Audi,
1038 408 1096 446 mi
1121 409 1297 458 popule,
1321 414 1362 448 et
1379 410 1548 460 loquar,

935 472 1068 524 [audi]
1092 464 1239 519 Israel7
1265 478 1305 512 et
1327 474 1594 514 testificabor
1614 482 1762 516 contra
1784 483 1837 517 te.

936 537 1106 577 Elohim
1131 538 1245 576 Deus
1262 543 1363 577 tuus
1385 551 1463 590 ego
1480 538 1624 587 [suml.

884 608 977 647 Non
1000 613 1180 659 propter
1197 609 1410 649 sacrificia
1433 615 1506 650 tua
1528 623 1664 662 arguo
1680 617 1735 660 te,

937 685 1038 712 nam
1063 674 1316 714 holocausta
1339 680 1411 715 tua
1442 681 1543 716 ante
1566 689 1635 717 me
1665 689 1841 728 semper
1862 677 2011 730 [suntl.

883 745 976 783 Non
999 745 1123 794 capio
1142 746 1194 784 de
1210 746 1340 785 domo
1364 751 1435 786 tua
1456 752 1650 796 taurum,

937 811 988 849 de
1009 809 1201 849 ovilibus
1224 811 1311 850 tuis
1331 812 1476 851 hircos
1501 828 1507 858 ;

884 881 990 929 Quia
1012 881 1120 919 mihi
1144 879 1240 933 [est]
1264 894 1395 922 omne
1417 884 1581 924 animal
1606 886 1767 936 sylvae,

936 947 1132 996 Jumenta
1154 946 1200 985 in
1219 948 1445 988 montibus
1470 949 1680 998 millium,

885 1017 1105 1067 Cognosco
1127 1028 1258 1057 omne
1281 1019 1456 1059 volatile
1485 1021 1701 1060 montium

937 1078 979 1121 et
1000 1083 1136 1122 bestia
1157 1083 1251 1134 agri
1275 1082 1368 1135 [est]
1384 1095 1571 1124 mecum.

885 1154 929 1193 Si
953 1154 1186 1202 esurirem,
1210 1167 1298 1194 non
1315 1156 1506 1195 dicerem
1530 1157 1608 1196 tibi

938 1219 1041 1269 quia
1064 1220 1171 1258 mihi
1196 1222 1290 1269 [est]
1323 1225 1436 1260 terra
1460 1227 1501 1261 et
1522 1223 1753 1273 plenitudo
1774 1223 1891 1274 ejus:

886 1290 1109 1340 Numquid
1137 1292 1356 1331 manduco
1378 1303 1556 1332 carnem
1580 1298 1826 1341 taurorum,

940 1360 981 1395 et
999 1357 1261 1406 sanguinem
1287 1352 1513 1397 hircorum
1534 1359 1662 1398 ebibo
1677 1359 1699 1398 ἱ)

887 1427 1092 1466 Sacrifica
1116 1429 1217 1475 Deo,
1243 1429 1419 1468 laudem

939 1498 979 1531 et
1000 1494 1133 1532 redde
1151 1494 1333 1533 Excelso
1355 1499 1450 1534 vota
1474 1499 1547 1534 tua
1570 1510 1576 1534 :

887 1564 1102 1603 Etinvoca
1130 1576 1196 1603 me
1219 1565 1263 1603 in
1286 1565 1356 1604 die
1379 1565 1693 1613 tribulationis,

939 1629 1135 1669 liberabo
1154 1634 1194 1669 te
1217 1636 1257 1670 et
1278 1631 1547 1681 glorificabis
1570 1643 1653 1671 me.

1437 1755 1471 1795 ῘΙ

890 1863 971 1902 Sed
995 1863 1133 1913 impio
1156 1862 1261 1902 dicit
1284 1863 1425 1902 Deus:

943 1928 1051 1975 Quid
1070 1928 1149 1967 tibi
1173 1929 1222 1966 ad
1248 1929 1689 1967 commemorandum
1713 1929 1830 1979 leges
1847 1939 1968 1967 meas

943 2000 983 2033 et
1010 1994 1153 2033 elevas
1177 1994 1331 2032 foedus
1351 2005 1496 2032 meum
1520 2005 1653 2044 super
1673 2005 1720 2032 os
1742 1998 1884 2038 tuum,

892 2067 999 2104 Dum
1025 2071 1069 2103 tu
1093 2064 1324 2103 detestaris
1347 2064 1696 2103 admonitionem

943 2135 983 2169 et
1006 2130 1185 2181 projicis
1209 2129 1336 2168 verba
1361 2140 1456 2168 mea
1477 2134 1571 2179 post
1594 2134 1634 2168 te
1650 2129 1671 2168 ἵ)

890 2202 934 2242 Si
956 2202 1076 2240 vides
1100 2201 1256 2247 turem,
1281 2200 1428 2239 statim
1461 2201 1684 2239 consentis
1706 2211 1805 2239 cum
1825 2212 1889 2248 eo,

943 2272 1097 2306 etcum
1117 2265 1329 2305 adulteris
1352 2264 1447 2317 [est]
1474 2266 1614 2316 portio
1637 2270 1731 2313 tua3

890 2338 945 2377 Os
968 2343 1091 2377 tuum
1118 2337 1256 2376 mittis
1279 2337 1323 2375 in
1344 2337 1509 2375 malum

943 2407 984 2442 et
1005 2402 1154 2453 lingua
1180 2407 1252 2441 tua
1269 2402 1451 2451 colligat
1470 2402 1670 2441 fraudem
1691 2414 1699 2447 ;

891 2475 1024 2513 Sedes
1048 2477 1118 2524 [et]
1141 2478 1288 2512 contra
1319 2474 1498 2512 tratrem
1522 2478 1646 2511 tuum
1670 2473 1881 2523 loqueris,

943 2544 1092 2578 contra
1118 2539 1257 2577 tilium
1283 2538 1435 2578 matris
1456 2543 1553 2578 tuae
1572 2540 1649 2578 das
1673 2539 1911 2579 maculam!

889 2611 1004 2648 Talia
1029 2610 1169 2649 fecisti
1189 2614 1230 2649 et
1251 2610 1379 2653 tacui,
1992 2660 1995 2663 Δ

943 2675 1205 2714 existimasti
1231 2675 1378 2725 [quod]
1396 2676 1581 2715 essendo
1598 2687 1737 2715 essem
1755 2676 1868 2715 sicut
1890 2681 1935 2715 tu
1958 2691 1966 2723 ;

890 2747 1080 2797 Arguam
1106 2751 1159 2793 te⁷
1185 2750 1226 2785 et
1243 2746 1458 2785 ordinabo
1481 2745 1594 2795 [hoc]
1611 2751 1712 2785 ante
1734 2747 1885 2786 oculos
1906 2751 2018 2786 tuos,

892 2882 1126 2932 Intelligite
1149 2893 1252 2932 ergo
1279 2882 1369 2926 lioc.,
1395 2882 1604 2921 oblitores
1624 2882 1714 2929 Dei,

943 2958 997 2986 ne
1020 2949 1264 2997 discerpam
1286 2952 1327 2986 et
1348 2958 1478 2986 nemo
1500 2946 1557 2986 sit
1572 2946 1779 2997 eripiens:

892 3017 1154 3056 Sacrificans
1176 3018 1351 3057 laudem
1377 3019 1561 3057 honorat
1584 3029 1653 3057 me

944 3087 985 3121 et
1002 3094 1168 3132 ponens
1188 3082 1305 3121 viam
1330 3082 1404 3132 (¹).

895 3153 1063 3191 Faciam
1084 3153 1212 3192 illum
1236 3153 1523 3203 contemplari
1546 3153 1590 3191 in
1613 3153 1804 3192 salutare
1827 3151 1900 3191 Dei
1920 3150 1928 3190 !

313 3338 356 3375 42)
375 3337 573 3367 Alteration
588 3339 791 3368 anterieure
806 3347 874 3369 aux
893 3339 983 3370 LXX
999 3340 1059 3378 qui
1074 3341 1135 3370 ont
1150 3339 1183 3370 lu
1200 3339 1378 3369 l'adverbe
1393 3337 1688 3376 Sa1n‚1llic(z'ler)
1705 3347 1749 3369 au
1764 3338 1833 3369 lieu
1849 3338 1895 3368 du
1911 3339 2019 3368 verbe

248 3385 342 3417 sam,
361 3387 505 3418 ponens.
527 3378 563 3409 D'
566 3381 669 3418 apres
687 3379 791 3410 Gratz
812 3382 845 3409 et
866 3381 1096 3420 Symmaque‚
1115 3380 1277 3416 εὐτάκτως
1296 3377 1453 3417 ‹36-·='0vn‚
1476 3362 1562 3411 l'ite:
1585 3380 1673 3418 tam,
1693 3375 1836 3418 ιηιρῃνε
1851 3377 1959 3417 (dans
1975 3385 2019 3409 sa
