2243 3568
271 307 329 342 27.
368 308 413 342 Et
450 310 492 342 ut
518 303 705 352 dejiceret
732 316 790 341 se-

226 365 313 390 men
356 364 490 389 eorum
528 354 567 388 in
620 353 791 388 nationi-

225 403 298 437 bus
323 412 330 443 ;
353 401 373 420 ἦέ
391 404 428 436 et
449 401 695 446 dispergeret
723 410 788 436 eos

225 449 263 484 in
286 448 531 494 regionibus.

270 496 332 531 ⁶28.
393 496 437 530 Et
492 495 639 530 initiati
694 498 789 530 sunt

226 543 463 588 Beelphegor
487 553 494 585 ς
518 543 537 562 ³⁶
559 546 597 578 et
618 543 790 578 comede-

225 594 318 626 runt
331 590 524 625 sacrificia
543 594 789 625 mortuorum

270 638 328 673 29.
352 638 396 672 Et
418 638 679 672 irritaverunt
701 648 788 672 eum

226 685 263 720 in
285 685 636 721 adinventionibus
660 685 790 723 suiszffi

224 735 261 767 et
298 732 558 778 multiplicata
585 732 704 768 estin
734 733 790 767 eis

225 780 353 815 ruina.

272 828 329 863 30.
354 828 399 862 Et
417 827 530 862 stetit
550 828 728 868 phinees,
753 830 791 862 et

225 874 394 920 placavit
418 886 425 917 ;
469 874 490 893 ³¹⁴
540 879 578 910 et
619 874 791 910 cessavit

224 922 439 968 quassatio.

271 970 328 1005 3l.
351 970 396 1004 Et
418 972 643 1015 reputatum
666 972 726 1004 est
755 970 787 1004 ei

227 1018 265 1052 in
281 1015 492 1063 justitiam.
517 1017 536 1036 ἥρ
565 1018 604 1052 in
629 1027 792 1063 genera-

226 1065 371 1100 tionem
414 1068 452 1100 et
495 1065 788 1110 generationem

225 1123 350 1158 usque
372 1112 410 1146 in
433 1112 732 1157 sempiternum.

272 1160 328 1194 3¹2.
353 1160 397 1194 Et
419 1159 679 1195 irritaverunt
701 1170 788 1194 eum

225 1207 274 1242 ad
294 1217 415 1252 aquas
439 1207 787 1242 Contradictionis:

225 1255 245 1273 *
272 1258 309 1289 et
343 1257 508 1289 vexatus
536 1258 595 1290 est
635 1255 790 1301 Moyses

226 1304 384 1347 propter
412 1312 476 1337 eos
498 1313 506 1345 ;

234 1356 237 1357 ’
272 1348 331 1384 33.
385 1349 480 1393 Quia
532 1349 790 1384 exacerbave-

228 1400 323 1431 runt
367 1397 552 1442 spiritum
599 1394 697 1442 ejus.
748 1397 792 1431 Et

227 1444 413 1479 distinxit
447 1444 485 1478 in
528 1444 643 1479 labiis
680 1444 790 1479 suis:

275 1491 332 1526 34.
356 1492 438 1526 Non
465 1491 791 1537 disperdiderunt

225 1542 377 1584 gentes,
414 1549 511 1584 quas
533 1539 635 1574 dixit
669 1539 790 1574 Domi<

227 1596 302 1622 nus
324 1586 418 1621 illis.

274 1634 332 1669 35.
371 1634 415 1668 Et
455 1634 655 1669 commixti
697 1637 793 1669 sunt

229 1681 331 1716 inter
343 1684 496 1727 gentes.
514 1685 551 1717 et
566 1681 793 1725 didicerunt

227 1739 342 1774 opera
361 1739 509 1764 eorum.

274 1776 331 1811 36.
357 1777 401 1811 Et
423 1777 647 1811 servierunt
669 1776 794 1821 sculp-

231 1824 368 1858 tilibus
398 1834 532 1859 eorum
561 1835 567 1866 ;
598 1824 617 1843 ³⁹
652 1827 689 1859 et
724 1824 796 1859 fac-

231 1874 312 1906 tum
327 1871 532 1906 estillisiu
547 1871 791 1906 scandalum.

277 1919 333 1952 37.
357 1919 400 1953 Et
422 1919 726 1953 immolaverunt
749 1918 794 1952 1'1-

231 1965 304 2000 lios
330 1976 423 2000 suos
445 1977 452 2008 ;
476 1966 495 1985 ’ἵ
518 1969 555 2000 et
577 1965 679 2000 filias
701 1976 794 2000 suas

230 2013 438 2047 dwmoniis

278 2060 334 2094 38.
367 2061 411 2095 Et
446 2060 669 2095 effuderunt
707 2070 794 2094 san-

231 2107 390 2152 guinem
438 2108 685 2142 innocentem
723 2118 730 2149 3
775 2107 794 2126 '⁴³

231 2155 464 2200 sanguinem
495 2154 664 2189 tiliorum
702 2164 794 2189 suo-

233 2212 317 2236 rum
348 2205 385 2237 et
414 2202 584 2236 siliarum
616 2212 792 2241 suarum,

232 2259 328 2293 quas
350 2249 675 2284 sacrificaverunt
694 2249 797 2283 scul-

232 2296 396 2341 ptilibus
419 2296 601 2331 Chanaan
622 2300 656 2331 et
679 2296 795 2331 inlec-

234 2347 269 2379 ta
284 2347 338 2378 est
357 2344 515 2379 terrain
530 2344 794 2389 sanguinibus

279 2391 323 2426 39
363 2392 406 2425 Et
439 2391 704 2426 contaminata
735 2394 795 2426 est

234 2438 272 2472 in
300 2438 485 2483 operibus
513 2450 645 2473 eorum
671 2449 678 2479 ς
711 2439 730 2457 *²
758 2441 795 2473 et

235 2486 415 2521 fornicati
432 2489 526 2521 sunt
547 2486 584 2520 in
607 2486 795 2521 adinven-

234 2533 408 2568 tionibus
427 2534 526 2568 suis.

281 2580 336 2615 40.
365 2581 407 2615 lit
435 2581 559 2616 iratus
582 2584 638 2615 est
665 2581 796 2615 lurore

235 2628 422 2663 Dominus
472 2628 515 2662 in
572 2628 794 2673 populum

235 2686 347 2709 suum
376 2686 383 2716 ;
418 2682 438 2693 ⁴·
471 2679 508 2710 et
547 2675 796 2710 abominatus

235 2725 291 2756 est
321 2722 587 2757 hwreditatem
622 2733 746 2758 suam.

283 2769 339 2804 41.
376 2770 420 2803 Et
462 2770 623 2805 tradidit
657 2781 721 2805 eos
758 2770 795 2804 in

237 2826 376 2851 manus
397 2817 574 2861 gentium
597 2827 605 2857 3
626 2817 645 2835 ²⁶
665 2820 702 2852 et
729 2817 797 2852 do—

237 2863 373 2898 minati
421 2867 514 2898 sunt
556 2875 689 2898 eorum
731 2863 796 2909 qui

237 2910 405 2945 oderunt
424 2921 501 2945 eos.

285 2957 341 2991 42.
361 2958 405 2992 Et
425 2957 716 2993 tribulaverunt
735 2968 799 2993 eos

241 3004 386 3039 inimici
405 3014 552 3043 eorum,
571 3008 605 3039 et
625 3005 802 3039 humilia-

241 3051 267 3085 ti
297 3054 390 3085 sunt
422 3051 495 3085 sub
523 3051 704 3086 manibus
737 3063 800 3087 eo-

241 3108 341 3132 rum.
550 3114 554 3117 >

289 3145 343 3180 43.
372 3145 479 3189 Sapo
510 3146 689 3180 liberavit
721 3156 799 3180 eos.

244 3192 319 3237 Ipsi
367 3196 497 3227 autem
545 3193 802 3228 exacerbave-

994 180 1228 220 -298-

864 305 914 345 Et
929 306 983 346 ad
1003 306 1300 357 dejiciendum
1321 316 1474 345 semen
1489 318 1640 347 eorum
1657 308 1704 348 in
1723 309 1931 360 gentibus
1945 308 1993 360 (¹)

916 376 954 411 et
974 371 1027 410 ad
1049 371 1392 422 dispergendum
1417 383 1489 411 eos
1510 372 1556 411 in
1580 373 1850 424 regionibus.
1879 421 1884 425 k

865 442 913 482 Et
931 443 1228 482 adhaeserunt
1250 442 1511 486 Baal-Pe‘or
1864 444 1994 496 [rum‚

917 513 958 547 et
988 508 1278 547 comederunt
1312 509 1524 548 sacrificia
1557 508 1773 561 [deorum]
1806 515 1995 550 mortuo·

865 579 914 627 Et
932 579 1221 618 irritaverunt
1245 578 1377 629 [eum]
1402 591 1479 630 per
1500 580 1692 620 facinora
1717 593 1809 629 sua,

918 650 955 684 et
980 644 1126 694 erupit
1144 648 1295 683 contra
1319 655 1390 683 eos
1413 645 1539 695 plaga
1565 660 1573 693 3

865 716 984 754 Tunc
1005 715 1124 754 stetit
1146 715 1339 765 Phintias
1361 721 1402 755 et
1421 716 1681 766 dijudicavit

919 785 960 819 et
981 780 1173 819 cohibita
1196 780 1278 819 tuit
1297 781 1438 832 plaga:

865 851 914 891 Et
935 855 1188 902 reputatum
1210 856 1273 891 est
1294 851 1332 891 ei
1353 844 1632 903 injustitiam
1808 852 1902 904 [per
1924 853 1992 903 (²).

917 916 963 955 in
983 916 1310 967 generationem
1328 921 1369 956 et
1383 917 1712 968 generationem
1732 930 1873 969 usque
1888 930 1999 958 sem-

865 987 914 1026 Et
935 987 1238 1027 excitaverunt
1270 986 1403 1038 [eum]
1435 988 1556 1038 juxta
1579 1000 1716 1039 aquas
1747 989 1910 1028 Meriba
1935 987 2002 1040 [ou

1607 1051 2000 1105 [contradictionis]

917 1123 958 1158 et
976 1118 1139 1157 malum
1173 1118 1332 1158 accidit
1355 1119 1489 1171 Moysi
1514 1124 1692 1170 propter
1707 1131 1794 1167 eos,

864 1189 971 1237 Quia
994 1201 1195 1228 amarum
1217 1189 1506 1229 reddiderunt
1528 1190 1735 1240 spiritum
1760 1191 1855 1241 ejus

920 1259 961 1294 et
982 1259 1146 1294 temere
1168 1255 1340 1294 locutus
1359 1260 1423 1294 est
1446 1255 1576 1294 labiis
1599 1255 1705 1294 suis.
1850 1278 1870 1291 .

868 1326 962 1365 Non
984 1325 1347 1376 disperdiderunt
1366 1327 1553 1376 populos

919 1402 1029 1441 quos
1048 1391 1220 1431 dixerat
1238 1391 1402 1431 Jehova
1424 1391 1513 1431 illis
1532 1407 1539 1431 :

868 1462 918 1501 Et
933 1474 978 1501 se
999 1462 1379 1502 commiscuerunt
1402 1463 1447 1501 in
1461 1462 1668 1513 gentibus

922 1532 962 1567 et
984 1527 1239 1567 didicerunt
1254 1539 1385 1578 opera
1407 1539 1572 1567 earum:

868 1600 916 1638 Et
936 1598 1185 1638 servierunt
1206 1599 1336 1638 idolis
1361 1611 1510 1638 earum

922 1670 962 1704 et
980 1664 1091 1704 facta
1115 1670 1217 1704 sunt
1237 1664 1348 1716 ipsis
1369 1665 1416 1704 in
1439 1665 1664 1715 laqueum,

869 1736 918 1776 Et
938 1736 1284 1776 immolaverunt
1299 1736 1412 1775 tilios
1434 1747 1536 1776 suos

921 1806 962 1840 et
977 1801 1090 1840 filias
1110 1813 1210 1840 suas
1233 1801 1364 1841 idolis

871 1872 916 1911 Et
940 1872 1192 1912 effuderunt
1213 1872 1474 1923 sanguinem
1498 1872 1763 1920 inocentem‚
1885 1870 1998 1923 [rum

923 1937 1184 1987 sanguinem
1209 1937 1401 1976 tiliorum
1426 1949 1606 1976 suorum
1631 1942 1672 1976 et
1694 1937 1886 1977 filiarum
1911 1948 2004 1975 sua-

869 2011 983 2055 Quos
1006 2008 1366 2047 sacrificaverunt
1384 2008 1792 2048 abominationibus
1813 2008 2001 2053 Canaan,

923 2078 961 2112 et
985 2073 1140 2112 infecta
1165 2078 1230 2112 est
1253 2078 1366 2112 terra
1389 2073 1612 2113 caedibus.

871 2265 919 2303 Et
941 2263 1161 2303 immundi
1187 2264 1286 2303 tacti
1307 2269 1407 2303 sunt
1435 2276 1508 2314 pei·
1528 2275 1658 2314 opera
1681 2276 1755 2303 sua

924 2335 964 2369 et
987 2329 1191 2368 fornicati
1215 2334 1317 2368 sunt
1340 2340 1427 2386 per&
1440 2329 1633 2368 facinora
1657 2341 1733 2368 sua
1759 2341 1766 2366 ;

871 2402 919 2440 Et
940 2400 1103 2440 exarsit
1127 2399 1454 2439 fu1·0rJehovae
1472 2405 1622 2440 contra
1647 2401 1858 2451 populum
1875 2411 2004 2439 suum

924 2471 964 2505 et
985 2466 1266 2505 abominatus
1289 2470 1353 2505 est
1377 2465 1690 2505 haereditatem
1714 2477 1856 2512 suam,

871 2537 920 2576 Et
940 2537 1122 2576 tradidit
1140 2548 1211 2575 eos
1233 2536 1277 2575 in
1296 2548 1454 2575 manus
1474 2536 1671 2586 gentium

924 2608 963 2642 et
983 2602 1197 2642 dominati
1219 2607 1321 2641 sunt
1343 2601 1405 2641 eis
1427 2613 1575 2641 osores
1597 2613 1765 2649 eorum,

872 2674 1253 2724 Etoppresserunt
1275 2684 1348 2711 eos
1372 2672 1540 2711 inimici
1566 2683 1735 2719 eorum,

927 2737 997 2789 [et]
1022 2738 1106 2788 ipsi
1124 2737 1341 2776 incurvati
1360 2742 1461 2776 sunt
1484 2737 1565 2775 sub
1585 2748 1715 2776 manu
1733 2737 1918 2776 istorum
1941 2750 1949 2785 3

874 2809 1054 2849 Vicibus
1077 2808 1228 2847 multis
1252 2808 1454 2847 liberavit
1473 2819 1545 2847 eos
1859 2807 2004 2859 [suum

927 2875 1001 2914 sed
1028 2874 1111 2924 ipsi
1144 2873 1465 2912 exacerbabant
1491 2870 1625 2923 [eum]
1657 2884 1733 2923 per
1769 2873 2005 2912 consilium

876 3063 924 3102 Et
947 3063 1141 3114 depressi
1162 3067 1285 3102 erant
1308 3073 1383 3112 per
1401 3066 1625 3112 peccatum
1646 3072 1791 3107 suum,
1865 3059 2004 3112 [erat]‚

929 3133 969 3167 et
1000 3127 1264 3178 respiciebat
1294 3127 1338 3165 in
1379 3126 1664 3165 tribulatione
1706 3124 1848 3176 [quae]
1895 3126 2005 3176 ipsis

930 3193 975 3231 in
997 3193 1217 3232 audiendo
1239 3203 1283 3231 se
1311 3192 1545 3231 clamorem
1570 3202 1737 3238 eorum,

307 3317 350 3355 (1)
376 3315 455 3348 Lire
477 3311 619 3355 lelldfits
640 3302 683 3347 au
707 3315 773 3346 lieu
795 3316 837 3346 de
855 3313 1007 3354 lehaffil.
