2243 3568
113 318 150 338 V

270 296 327 331 33.
352 294 517 330 Videant
537 301 726 338 pauperes
747 294 785 326 et

225 344 408 378 laetentur
427 353 433 383 ;
452 342 470 359 *
483 340 647 385 quaerite
665 340 785 373 Deum

224 394 261 425 et
282 390 386 424 vivet
406 388 536 423 anima
557 390 688 422 vestra
706 397 712 421 :

271 437 328 472 34.
360 435 550 479 Quoniam
585 433 787 469 exaudivit

224 494 414 530 pauperes
446 482 666 524 Dominus;
699 481 717 499 *²
750 483 788 515 et

225 532 379 567 vinctos
394 540 487 565 suos
503 540 580 564 non
592 528 785 574 despexit.

271 578 328 614 35.
359 577 538 613 Laudent
559 576 671 611 illum
698 576 787 611 coeli

225 629 263 662 et
283 629 400 667 terra,
421 625 439 643 ἢ*
465 635 583 665 mare,
603 627 641 659 et
659 623 789 658 omnia

226 673 380 719 reptilia
399 672 438 707 in
456 671 525 707 eis.

274 720 330 755 36.
352 719 540 763 Quoniam
574 719 677 753 Deus
710 717 788 752 sal-

230 779 313 803 vam
337 767 448 802 faciet
468 766 561 801 Sion
580 769 648 807 &et
668 765 788 800 aedifi-

227 816 423 851 cabuntur
456 814 635 849 civitates
673 813 788 848 Juda.

230 863 275 898 Et
302 861 581 897 inhabitabunt
609 860 675 896 ibi.
709 860 726 877 ’ὅ
754 862 791 894 et

229 910 457 945 haereditate
471 908 675 953 acquirent
692 918 789 942 eam.

275 957 319 992 37
355 957 399 991 Et
429 965 561 991 semen
587 965 791 990 servorum

229 1003 314 1050 ejus
337 1003 552 1049 possidebit
574 1013 657 1037 eam
682 1013 689 1043 ;
713 1002 729 1019 '¹‘
755 1004 792 1036 et

229 1052 295 1097 qui
328 1051 500 1097 diligunt
524 1059 663 1084 nomen
691 1047 790 1094 ejus,

232 1099 465 1134 habitabunt
489 1098 527 1132 in
547 1108 601 1132 ea.

989 162 1226 201 -186—

858 288 1082 328 Videbunt
1104 285 1253 325 miseri
1277 285 1347 335 [et]
1371 285 1666 332 laetabuntur,

913 358 1149 404 quarentes
1171 353 1322 397 Deum,
1346 355 1388 389 et
1404 350 1522 389 vivat
1542 362 1617 390 eor
1636 355 1831 390 vestrum
1857 365 1866 398 ;

861 424 1074 473 Quoniam
1098 421 1277 462 exaudit
1300 421 1486 460 miseros
1507 422 1669 461 Jehova

915 494 955 530 et
974 488 1145 528 vinctos
1164 498 1267 527 suos
1285 497 1373 525 non
1393 486 1605 536 despiciti

863 620 1059 658 Laudent
1080 628 1180 656 eum
1204 616 1312 656 caeli
1331 620 1372 655 et
1390 620 1521 663 terra,

916 683 1054 722 maria
1078 687 1119 721 et
1140 681 1288 721 omnia
1311 693 1355 720 se
1380 680 1598 720 moventia
1621 680 1666 719 in
1686 680 1763 728 eis,

864 755 1078 803 Quoniam
1104 754 1217 792 Deus
1239 752 1426 792 salvabit
1448 752 1554 792 Sion

918 826 958 859 et
979 818 1277 858 reaedificabit
1299 817 1499 857 civitates
1518 818 1674 862 Judae,

868 892 915 930 Et
937 894 1216 930 revertentur
1237 890 1322 928 huc

919 960 960 994 et
980 955 1260 1005 occupabunt
1281 965 1376 993 eam

868 1027 917 1066 Et
937 1037 1087 1065 semen
1107 1036 1336 1064 servorum
1359 1026 1453 1076 ejus
1475 1025 1766 1064 haereditabit
1788 1036 1883 1064 eam

921 1097 960 1131 et
982 1090 1220 1141 diligen-tes
1240 1101 1404 1129 nomen
1426 1091 1520 1141 ejus
1543 1089 1805 1129 habitabunt
1827 1089 1873 1129 in
1895 1087 1970 1129 ea!

1591 1268 1821 1311 PSAUME
1856 1268 1973 1311 LXX
1986 1301 1995 1310 .

315 1416 364 1453 Ge
391 1425 559 1464 psaume
584 1414 685 1451 n'esl
712 1424 788 1464 que
815 1410 847 1451 le
868 1409 1078 1463 srayment
1107 1409 1208 1456 final
1235 1411 1292 1450 du
1318 1422 1488 1462 psaume
1508 1413 1588 1458 XL,
1618 1410 1774 1450 14-18:
1795 1407 1826 1448 il
1846 1409 1915 1462 n’y
1937 1420 1962 1448 α
1982 1409 2009 1449 ὰ

236 1490 474 1531 remarquer
507 1490 581 1531 que
613 1476 802 1531 quelques
836 1475 982 1528 le'qeres
1016 1477 1247 1525 variante&
1289 1487 1388 1514 sans
1425 1477 1680 1526 importance
1712 1485 1816 1525 pour
1848 1472 1882 1513 le
1917 1485 2010 1513 sens

232 1542 412 1594 ye'ne'ral,
434 1544 541 1582 mais
564 1554 675 1582 assez
699 1542 988 1583 interessentes
1010 1555 1114 1595 pour
1134 1541 1174 1581 la
1198 1543 1386 1595 critique.
1420 1544 1509 1579 Vere
1529 1540 1576 1579 de
1596 1540 1623 1579 3
1642 1541 1687 1585 -f-
1706 1541 1732 1579 3
1753 1544 1926 1578 arcent&
1951 1541 2012 1579 On

289 1680 436 1719 LXIX.
457 1703 507 1707 —
527 1681 562 1719 1.
588 1681 632 1720 ΙΝ
655 1692 798 1727 ιηΝΕΜ,

237 1745 424 1773 PsALMus
445 1734 594 1775 Dmm.
613 1746 653 1773 lN
669 1746 797 1773 κΕΜΕἡ

239 1799 514 1825 nonnionem
557 1799 667 1834 Quor>
710 1799 800 1826 sm.-

239 1851 326 1879 VUM
338 1842 803 1880 racsnirsumljommus

287 1963 324 1998 2.
361 1964 476 2000 Deus.
501 1965 539 1998 in
562 1962 803 2009 adjutorium

241 2027 368 2051 meum
387 2017 545 2052 intende
563 2029 570 2059 ;
589 2018 606 2036 ³⁴⁶
629 2018 802 2052 Domine.

241 2071 288 2105 ad
326 2068 592 2116 adjuvandum
633 2082 691 2105 me
728 2072 804 2106 fes-

244 2123 341 2158 tina.

289 2206 323 2240 3.
349 2206 664 2244 Contundantur,
686 2210 721 2241 et
750 2218 804 2242 re*

245 2262 466 2298 vereantur,
492 2261 510 2278 ³*
532 2260 597 2304 qui
621 2264 805 2305 quaerunt

242 2322 410 2347 annnam
442 2323 562 2347 meam
585 2324 592 2355 ς

292 2395 322 2429 4.
338 2396 577 2430 Avertantur
589 2399 806 2432 retrorsum

244 2452 281 2483 et
295 2449 568 2485 erubescant*
583 2450 647 2494 qui
670 2450 805 2485 volunt

246 2502 337 2536 inihi
383 2502 480 2537 mala
511 2513 517 2545 ;
567 2504 806 2538 Avertantur

246 2556 375 2590 statim
393 2555 685 2594 erubescentes,
703 2557 722 2576 *
740 2557 805 2602 qui

246 2609 382 2643 dicunt
398 2609 490 2643 mihi
508 2621 514 2643 :
535 2609 660 2655 Euge!
680 2609 806 2655 Euge!

293 2691 326 2725 Ξῖ.
360 2691 544 2725 Exultent
565 2695 601 2726 et
625 2692 809 2727 laetentur

251 2743 288 2777 in
312 2747 347 2777 te
373 2754 507 2779 omnes
532 2745 596 2789 qui
625 2749 810 2790 quierunt

250 2799 300 2832 te,
335 2796 353 2814 *
390 2800 426 2830 et
459 2797 591 2831 dicant
628 2808 808 2842 semper:

252 2849 525 2893 Magnum-tur
550 2851 655 2884 Dom
671 2851 679 2884 i
695 2862 717 2884 n
733 2862 754 2885 u
769 2862 810 2891 s,

251 2902 316 2946 qui
362 2901 534 2945 diligunt
580 2902 813 2938 salutare

254 2958 378 2989 tuum.

300 3037 333 3071 6.
363 3037 440 3082 Ego
467 3048 557 3072 vero
586 3048 747 3083 egenus,
780 3042 816 3073 et

255 3100 400 3135 pauper
421 3100 507 3124 sum
526 3101 533 3131 ;
551 3090 570 3109 *
592 3091 690 3125 Deus
708 3090 813 3136 adju-

256 3153 301 3177 va
336 3154 406 3178 me.
440 3141 607 3188 AdJ'utor
636 3155 757 3183 meus,
781 3149 817 3179 et

258 3195 444 3231 liberator
480 3207 588 3231 meus
628 3207 668 3232 es
705 3200 745 3231 tu
767 3209 774 3231 z
799 3198 817 3216 *

260 3249 432 3290 Domine,
453 3259 502 3283 ne
521 3249 699 3284 moreris.

878 1682 1193 1720 PRAECENTORI:
1219 1677 1439 1726 {passmus}
1460 1679 1607 1722 Dum,
1627 1689 1680 1716 An
1703 1673 2008 1727 [sicmmcmm]

958 1763 1216 1792 MEMORIALE.

878 1964 918 1995 70
941 1964 966 1994 Ο
991 1964 1093 1996 Deus.
1120 1963 1230 2003 [veni]

879 2012 918 2042 40
940 2012 1163 2050 Compiaceas
1190 2021 1208 2041 o
1223 2011 1370 2045 .loin›va,
1385 1983 1435 2020 ad
1461 1981 1743 2020 hberandum
1766 1990 1848 2023 me'

933 2078 956 2104 o
976 2066 1137 2104 ,lehova
1161 2066 1211 2103 ati
1237 2064 1507 2115 adjutorium
1534 2075 1678 2102 meum
1704 2062 1877 2109 festina,

881 2149 1219 2187 Confundantur
1252 2152 1292 2186 et
1323 2147 1585 2186 erubescant
1610 2151 1650 2204 [ἑὸ
1671 2150 1779 2204 S'iffiffi

934 2253 1196 2300 quaerentes
1216 2248 1348 2287 vitam
1371 2258 1512 2286 meam
1538 2252 1578 2305 [ὦ
1601 2239 1992 2313 ἐᾶρὲῶέῇἁζῆἑὲῶ

883 2334 1147 2371 Avertantur
1167 2336 1410 2370 retrorsum
1432 2335 1471 2369 et
1493 2327 1780 2379 ignominiosi
1803 2328 1909 2366 fiant

936 2398 1131 2436 volentes
1155 2396 1317 2435 malum
1343 2406 1507 2442 meum,

881 2462 921 2540 {g
942 2461 1207 2548 ξῖἓῖξὲὲῖἓζξῖ
1239 2483 1416 2529 propter
1437 2476 1741 2517 contusionem
1766 2487 1891 2514 suam

937 2581 1132 2620 dieentes
1167 2586 1207 2639 ὦ
1236 2585 1324 2639 ‘m'i'ffl
1358 2595 1367 2619 ;
1394 2592 1412 2616 «
1437 2590 1559 2625 euge,
1584 2588 1693 2628 euge
1717 2576 1725 2616 i
1746 2589 1765 2614 »

885 2665 1108 2703 Gaudeant
1132 2669 1170 2702 et
1196 2664 1412 2702 laetentur
1434 2662 1479 2700 in
1502 2666 1542 2701 te

938 2740 1091 2768 omnes
1114 2733 1379 2778 quaerentes
1402 2732 1456 2769 te,
2002 2772 2006 2776 ,

885 2793 926 2871 {g
949 2793 988 2823 ht
1015 2811 1164 2850 dicant
1184 2822 1385 2860 semper:
1414 2822 1432 2846 «
1453 2820 1638 2859 magnus
1655 2811 1720 2847 est
1738 2789 1780 2866 {3
1801 2788 1953 2866 ξέιῗέὶέ,
1967 2844 1984 2864 „

941 2894 1175 2944 diligentes
1196 2893 1388 2932 salutare
1410 2897 1536 2931 tuum
1562 2890 1570 2930 i

890 2958 937 2996 Et
960 2970 1037 3008 ego
1062 2969 1228 3008 pauper
1249 2963 1290 2997 et
1314 2957 1463 3003 miser,

941 3022 981 3053 70
1006 3022 1096 3052 Deus
1120 3022 1246 3052 festina
1272 3022 1314 3052 ad
1344 3030 1411 3059 me,

942 3070 982 3099 40
1004 3069 1138 3099 Adonai
1163 3069 1336 3099 sollicitus
1361 3069 1406 3099 sit
1431 3068 1524 3098 mei!

890 3122 931 3198 ΞΒ
951 3123 1135 3199 ᾒῖζξίῗξζω
1159 3151 1284 3179 meus
1306 3145 1346 3179 et
1368 3140 1577 3179 liberator
1600 3150 1722 3178 meus
1745 3142 1790 3177 tu
1815 3135 1892 3188 [es]

945 3221 985 3251 70
1007 3230 1026 3251 o
1048 3221 1195 3260 Jebova,

946 3268 986 3298 40
1009 3277 1028 3298 Ο
1049 3269 1097 3298 mi
1119 3269 1222 3307 Deus,
1246 3251 1302 3279 ne
1322 3240 1470 3279 tardes
1493 3237 1501 3278 !
