2243 3568
306 297 340 331 5.
370 295 601 330 AEstimatus
622 304 709 329 sum
731 303 818 328 cum

258 342 590 378 descendentibus
607 341 645 375 in
664 341 791 375 lacum
811 352 817 375 :

258 390 278 409 *-
298 391 424 424 factus
455 398 541 424 sum
572 388 675 423 sicut
706 387 819 422 homo

259 437 344 471 sine
364 434 576 480 adjutorio,

304 489 336 524 6Δ
363 489 468 523 Inter
490 491 665 523 mortuos
687 487 786 522 liber
810 499 817 522 ε

258 535 818 571 sicutvulneratidormientcs

258 584 297 618 in
322 583 529 628 sepulcris,
551 592 718 628 quorum
741 593 817 617 non

257 641 297 666 es
328 640 475 665 memor
501 630 671 674 amplius
696 641 702 664 :
731 629 751 648 *
781 633 818 664 et

257 678 331 723 ipsi
357 677 403 713 de
428 687 545 712 manu
574 680 639 712 tua
669 677 816 721 repulsi

256 728 364 760 sunt.

303 778 336 813 7.
356 778 577 813 Posuerunt
592 787 652 812 me
671 776 711 811 in
732 776 817 811 lacu

256 824 458 860 inferiori:
481 824 501 843 *·
521 824 560 859 in
581 824 815 861 tenebrosis.

255 875 293 907 et
312 872 350 907 in
374 872 511 907 umbra
533 872 685 907 mortis.

301 924 336 960 8.
351 925 476 970 Super
489 935 548 959 me
559 924 817 959 confirmatus

254 975 315 1007 est
331 973 439 1007 furor
456 975 570 1007 tuus:
591 971 611 990 *
627 974 663 1006 et
681 982 816 1006 omnes

203 1036 208 1040 ·
255 1020 400 1054 fluctus
423 1022 510 1055 tuos
532 1019 727 1054 induxisti
749 1028 816 1053 su-

255 1077 322 1112 per
344 1077 421 1102 me.

301 1118 334 1154 9.
372 1120 500 1164 Longe
537 1119 665 1154 fecisti
703 1121 816 1153 notos

255 1177 360 1202 meos
389 1177 409 1201 a
443 1177 523 1201 me:
552 1166 572 1185 *
598 1169 815 1211 posuerunt

255 1224 314 1249 me
352 1213 683 1249 abominationem
724 1213 813 1248 sibi.

254 1261 438 1297 Traditus
490 1271 591 1303 sum,
649 1263 686 1295 et
738 1271 814 1295 11011

253 1308 495 1354 egrediebar.

301 1362 357 1396 10.
396 1361 505 1396 Oculi
542 1361 616 1396 mei
652 1361 814 1406 langue—

255 1412 348 1444 runt
378 1419 458 1454 prae
490 1408 633 1453 inopia.
668 1408 812 1443 Clama-

254 1456 290 1491 vi
309 1456 357 1492 ad
373 1460 422 1497 te,
440 1456 612 1497 Domine,
631 1459 710 1491 tota
725 1455 813 1490 die:

252 1503 272 1522 *
300 1503 502 1549 expandi
530 1503 579 1538 ad
610 1506 646 1538 te
674 1513 814 1538 manus

252 1560 372 1586 meas.

300 1604 355 1639 11.
403 1603 600 1648 Numquid
645 1603 814 1638 mortuis

253 1651 371 1686 lacies
388 1651 584 1685 mirabilia
604 1651 725 1686 :*aut
738 1661 811 1685 me>

251 1698 327 1733 dici
350 1698 604 1733 suscitabunt
626 1702 663 1733 et
690 1698 813 1733 conli—

254 1746 443 1781 tebuntur
467 1746 537 1780 tibi
559 1744 578 1780 ἱ)

300 1799 355 1833 12.
400 1799 597 1843 Numquid
636 1798 813 1833 narrabit

251 1846 395 1890 aliquis
424 1846 462 1880 111
491 1846 672 1890 sepulcro
700 1846 810 1881 mise-

252 1892 460 1928 ricordiam
482 1896 601 1931 tuam,
621 1893 641 1911 *ἲ
660 1896 697 1927 01
716 1893 814 1927 veri-

253 1943 370 1975 tatem
390 1943 493 1974 tuam
509 1940 547 1973 in
564 1938 815 1984 perditione?

299 1993 356 2028 13.
371 1993 567 2037 Numquid
578 2003 812 2038 cognoscen-

254 2043 317 2075 tur
345 2040 383 2074 in
414 2040 586 2074 tenebris
617 2040 813 2075 mirabilia

253 2089 331 2128 tua,
357 2087 377 2105 *
407 2090 445 2121 et
476 2085 632 2132 justitia
670 2090 734 2122 tua
774 2087 811 2121 in

253 2137 355 2169 terra
376 2134 587 2169 oblivionis
607 2132 626 2168 ἱ)

298 2187 355 2222 14.
381 2188 424 2222 Et
445 2197 515 2232 ego
535 2187 584 2222 ad
608 2190 657 2226 te,
685 2187 812 2222 Domi-

252 2245 311 2275 ne,
354 2234 547 2269 clamavi:
580 2234 600 2253 *
630 2237 667 2269 et
700 2244 813 2269 mane

250 2281 375 2316 oratio
396 2291 479 2317 mea
500 2281 713 2326 praeveniet
737 2285 786 2316 te.
805 2317 808 2319 Α

300 2335 354 2369 15.
415 2335 574 2379 mquid,
637 2335 810 2376 Domine,

250 2382 408 2427 repellis
429 2382 647 2417 orationem
671 2392 809 2417 meam:

249 2429 268 2447 *⁶
295 2429 441 2464 avertis
477 2429 613 2464 taciem
655 2432 760 2464 tuam
790 2440 811 2464 a

251 2487 309 2511 me
330 2475 349 2511 'e'

296 2528 351 2564 16.
378 2529 525 2574 Pauper
552 2539 637 2564 sum
667 2540 750 2575 ego,
774 2531 811 2564 et

251 2575 288 2610 111
319 2576 520 2611 laboribus
552 2586 573 2611 a
601 2574 811 2622 juventute

249 2633 356 2658 mea:
386 2623 405 2642 *
433 2624 629 2658 exaltatus
664 2627 809 2666 autem,

249 2670 481 2706 humiliatus
496 2680 583 2705 sum
600 2674 637 2706 et
652 2674 812 2706 contur-

250 2717 377 2752 batus.

297 2770 352 2805 17.
392 2772 433 2805 In
468 2782 527 2806 me
562 2771 809 2806 transierunt

251 2816 317 2851 1110
339 2821 436 2852 tuae:
460 2819 480 2837 *²
502 2822 539 2853 et
559 2821 729 2853 terrores
752 2819 807 2853 tui

248 2865 585 2900 conturbaverunt
606 2875 678 2899 me.

298 2916 353 2951 18.
376 2917 728 2952 Circumdederunt
751 2928 810 2952 me

249 2963 351 2998 sicut
372 2974 470 3009 aqua
491 2968 570 2999 tota
588 2965 650 2999 die
674 2976 680 2998 :
701 2964 720 2977 *
736 2965 806 2999 cir-

248 3010 533 3046 cumdederunt
556 3022 614 3046 me
636 3011 769 3046 simul.

295 3062 351 3097 19.
375 3063 573 3109 Elongasti
595 3075 615 3099 a
639 3074 697 3099 me
716 3064 806 3099 ami-

248 3119 335 3144 cum
373 3114 410 3145 et
450 3111 685 3155 proximum,
720 3111 740 3129 *
771 3115 807 3146 et

249 3159 362 3192 notos
382 3168 486 3193 meos
506 3168 526 3193 a
546 3158 719 3193 miseria.

312 3285 353 3322 11)
381 3285 522 3323 Deplace'
545 3285 628 3316 d'un
653 3294 745 3317 verS.

575 3410 592 3422 ⁴*

895 294 1115 333 Aestimor
1135 305 1235 333 01110
1258 294 1630 335 descendentibus
1651 295 1698 335 in
1720 297 1897 344 fossam,

947 370 1045 398 sum
1069 363 1116 398 ut
1136 359 1267 398 homo
1291 357 1393 410 [cui]
1413 371 1503 400 non
1525 364 1590 400 est
1610 360 1733 412 vigor
1755 376 1764 401 :

897 436 1012 475 Inter
1035 441 1232 475 mortuos
1256 434 1350 486 [est]
1375 441 1562 476 stratum
1591 448 1757 485 meum,

949 499 1079 551 [sum]
1100 502 1214 540 sicut
1235 501 1452 540 vulnerati
1484 502 1792 542 recumbentes
1814 505 2021 555 sepulcri,

894 577 1086 624 Quorum
1110 588 1198 616 non
1221 577 1468 617 recordaris
1488 578 1681 629 amplius

947 647 987 681 et
1009 641 1083 692 qui
1107 643 1159 681 de
1183 653 1314 681 manu
1337 647 1409 681 tua
1432 643 1599 693 repulsi
1621 649 1737 684 sunt.

895 748 1082 787 Posuisti
1107 759 1174 787 me
1196 748 1242 787 in
1264 748 1380 788 fossa
1402 749 1742 799 profundorum,

946 813 990 852 in
1014 813 1221 859 tenebris,
1245 813 1292 852 in
1314 813 1483 865 abyssis
1508 829 1516 862 ;

894 891 1036 939 Super
1059 901 1126 929 me
1148 889 1384 939 impositus
1406 890 1489 929 11111
1510 890 1633 931 furor
1654 897 1770 940 tuuS,

945 960 983 993 et
1001 954 1208 993 omnibus
1224 954 1430 994 fluctibus
1449 955 1534 995 tuis
1550 956 1748 997 afflixisti
1768 970 1849 998 me.

1830 1054 1838 1063 .
1886 1021 2019 1063 selah.

894 1125 1132 1166 llemovisti
1155 1131 1281 1166 notos
1304 1138 1423 1167 meos
1446 1128 1598 1178 procul
1621 1140 1643 1167 a
1666 1141 1750 1175 me,

945 1191 1129 1241 posuisti
1153 1203 1223 1230 me
1244 1192 1596 1232 abominationes
1620 1205 1697 1244 pro
1720 1194 1798 1242 eis,

892 1268 1090 1308 Inclusus
1115 1267 1261 1320 [sum],
1287 1274 1327 1309 et
1349 1281 1436 1309 non
1459 1271 1602 1310 exibo.

943 1335 1096 1373 oculus
1118 1345 1242 1374 meus
1265 1336 1479 1375 emarcuit
1499 1340 1678 1387 propter
1696 1337 1909 1385 dolorem,

893 1411 1081 1458 Voce-te,
1105 1423 1128 1451 o
1149 1412 1328 1461 Jehova,
1354 1424 1431 1463 per
1450 1423 1626 1452 omnem
1651 1413 1785 1461 diem,

943 1478 1130 1517 extendo
1152 1478 1205 1516 ad
1228 1482 1268 1516 te
1288 1489 1449 1518 manus
1475 1477 1616 1518 meas!
1809 1476 1929 1518 selah
1953 1480 2018 1528 (¹).

1438 1597 1474 1636 II

890 1696 1002 1735 Num
1028 1702 1205 1748 propter
1224 1702 1419 1738 mortuos
1441 1698 1606 1738 taceres
1629 1697 1899 1749 prodigium,

941 1773 1048 1801 num
1072 1763 1235 1802 mortui
1256 1766 1488 1814 surgerent
1511 1761 1582 1814 [et]
1606 1763 1905 1815 glorificarent
1936 1769 1977 1804 te
1999 1762 2020 1801 ⁴?

890 1839 1002 1878 Num
1036 1844 1187 1879 narrat
1221 1838 1416 1891 [aliquis]
1453 1840 1498 1879 10
1534 1841 1737 1891 sepulcro
1772 1841 2020 1881 misericor-

1724 1903 1860 1957 [diam
1876 1911 2016 1954 tuum,

943 1962 1197 2009 fidelitatem
1220 1974 1340 2009 tuam
1364 1969 1409 2008 in
1432 1970 1526 2009 loco
1554 1970 1817 2020 perditionis
1833 1971 1854 2010 Ἰ)

890 2046 1001 2084 Num
1045 2046 1325 2096 cognoscitur
1368 2046 1485 2086 inter
1522 2047 1725 2086 tenebras
1763 2048 2014 2099 prodigium

941 2115 981 2149 et
998 2110 1169 2150 bonitas
1186 2115 1258 2150 tua
1276 2110 1322 2150 in
1339 2116 1454 2150 terra
1473 2111 1710 2151 oblivionis
1727 2111 1748 2150 ἱ)
1873 2110 2013 2163 [tuum

890 2217 988 2256 [deo
1010 2218 1063 2257 ad
1085 2222 1140 2265 te,
1165 2229 1189 2257 o
1209 2217 1388 2264 Jehova‚
1410 2218 1550 2257 clamo

941 2287 982 2321 et
1002 2283 1046 2321 in
1071 2283 1288 2322 matutino
1309 2283 1447 2322 oratio
1470 2294 1562 2322 mea
1588 2283 1813 2334 praevenit
1834 2288 1897 2324 te:

887 2360 1041 2407 Quare,
1062 2371 1086 2399 0
1106 2360 1285 2407 Jehova,
1310 2360 1488 2410 repellis
1507 2360 1700 2399 animam
1727 2372 1884 2409 meam,

940 2425 1133 2464 occultas
1155 2425 1310 2465 taciem
1335 2430 1455 2464 tuam
1479 2425 1632 2475 procul
1654 2437 1677 2465 a
1700 2425 1803 2465 me?

888 2501 1019 2541 Miser
1046 2512 1124 2552 ego
1154 2499 1302 2552 [sum],
1339 2506 1381 2541 et
1412 2501 1632 2541 emoriens
1654 2514 1676 2541 a
1698 2502 1924 2553 juventute
1950 2501 2013 2552 (Ξ),

940 2572 1062 2617 porto
1084 2571 1274 2606 terrores
1297 2571 1409 2614 tuos,
1430 2571 1472 2606 et
1495 2568 1630 2617 perdo
1653 2567 1888 2607 consilium

887 2673 1028 2723 Super
1050 2684 1117 2712 me
1141 2677 1371 2713 transeunt
1393 2673 1565 2712 furores
1588 2673 1667 2721 tui,

939 2743 1128 2777 terrores
1149 2737 1212 2777 tui
1235 2737 1523 2788 confringunt
1547 2749 1629 2781 1110,

884 2814 1169 2854 Circumdant
1191 2825 1273 2862 me,
1299 2814 1411 2854 sicut
1433 2825 1588 2864 aquae,
1610 2819 1697 2853 tota
1716 2815 1787 2854 die

935 2883 1150 2930 gyrantur
1171 2884 1319 2918 contra
1344 2890 1412 2918 me
1434 2879 1567 2918 simul
1591 2893 1598 2926 ;

886 2954 1069 3005 Elongas
1087 2967 1109 2993 a
1135 2966 1201 2994 me
1223 2955 1414 2994 amicum
1436 2960 1476 2994 et
1499 2955 1778 3005 proximum:

937 3019 1025 3057 noti
1051 3019 1134 3057 mei
1161 3017 1294 3070 [sunt]
1319 3019 1548 3059 tenebrae!
