2243 3568
323 441 538 496 constance
564 453 613 481 en
644 438 802 481 Yahvelt
829 454 837 480 :

1009 208 1057 212 -
1088 184 1245 224 256-

1629 308 1857 352 PSAUME
1890 309 2001 353 XCI.

869 437 973 480 celui
996 440 1066 492 qui
1088 436 1122 478 Ie
1140 437 1269 489 prend
1293 448 1405 490 pour
1425 435 1517 476 abri
1550 444 1607 477 esc
1636 438 1823 478 indemne
1856 436 1902 478 ile
1924 441 2013 479 tout

239 507 338 550 mal.
355 531 399 536 -
417 504 697 548 Paralle'lisme
719 505 874 557 somne,
896 507 1002 544 mais
1022 515 1119 544 sans
1133 502 1372 556 strophiquc
1387 500 1589 554 re'qulz'ere
1607 518 1614 543 :
1638 501 1759 542 debut.
1776 502 2011 556 incomplet,

240 580 388 628 quatre
407 571 563 624 parties
584 569 763 624 ine'qales
787 582 799 611 .·
829 568 948 622 appel
968 570 994 610 ὰ
1021 565 1193 615 ΥαΙιυεΙι,
1217 568 1437 607 immunzce'
1466 566 1512 607 de
1547 573 1635 607 tout
1662 566 1761 616 mal,
1784 571 2014 620 protection

320 687 404 726 XC.
434 708 486 714 —-
518 686 626 725 LAUS
647 695 805 724 emmer

243 742 388 780 DAvm.

290 812 325 848 1.
365 811 435 855 Qui
471 811 622 846 habitat
661 810 698 844 in
733 809 801 844 ad—

239 857 387 905 jutorio
439 858 649 894 Altissimi.
696 856 716 875 *
766 856 802 890 in

241 906 483 953 protectione
508 905 572 941 Dei
589 905 675 940 coeli
700 914 805 939 com—

242 954 473 990 morabitur.

286 1002 322 1037 2.
349 1002 454 1036 Dicet
489 1000 650 1035 Domino
679 1011 685 1034 :
710 1000 806 1033 Sus-

241 1052 373 1094 ceptor
426 1058 534 1083 meus
579 1058 620 1082 es
673 1050 727 1085 tu,
769 1049 806 1080 et

242 1097 439 1142 retugium
473 1105 599 1131 meum
629 1106 635 1129 :
662 1094 682 1113 ἕ
707 1095 806 1129 Deus

242 1154 365 1183 meus,
389 1143 554 1189 sperabo
574 1142 613 1177 in
636 1152 738 1179 eum,

288 1192 322 1227 3.
347 1191 535 1234 Quoniam
562 1189 644 1235 ipse
667 1189 802 1223 libera-

244 1239 299 1274 vit
320 1249 379 1273 me
412 1239 458 1274 de
492 1238 628 1282 laqueo
659 1247 805 1271 venan—

244 1287 355 1323 tium,
378 1286 397 1304 *
413 1289 450 1321 et
471 1296 490 1320 a
514 1285 632 1320 verbo
652 1294 803 1329 aspero.

290 1335 327 1369 4.
352 1333 531 1378 Scapulis
559 1333 643 1367 suis
673 1331 803 1366 obum-

243 1381 373 1417 brabit
398 1381 466 1416 tibi
487 1381 527 1415 z*
555 1383 590 1414 et
615 1379 688 1414 snb
711 1389 805 1423 pen-

244 1429 306 1464 nis
324 1426 409 1474 ejus
431 1427 621 1473 sperabis.

290 1477 326 1511 5.
355 1476 473 1511 Scuto
491 1473 749 1509 circumdabit
773 1476 806 1507 te

244 1524 389 1559 veritas
411 1521 496 1568 ejus
521 1533 527 1556 :
551 1522 570 1540 ‘⁵‘
593 1532 670 1556 non
694 1521 806 1555 time—

244 1571 304 1606 bis
325 1582 344 1606 a
367 1570 504 1606 timore
521 1572 714 1604 nocturno
736 1580 742 1603 :

290 1620 327 1654 6.
356 1619 385 1653 Α
417 1617 561 1662 sagitta
589 1617 744 1651 volante
768 1616 805 1650 in

243 1666 318 1706 die,
352 1676 372 1701 a
410 1665 566 1710 negotio
599 1663 807 1709 perambu-

244 1716 349 1749 .ante
381 1713 419 1747 in
456 1712 629 1747 tenebris
666 1723 672 1746 :
708 1711 727 1730 ³*
760 1711 807 1746 ab

246 1761 422 1797 incursu.
445 1763 483 1795 ct
509 1759 703 1795 daemonio
734 1769 809 1793 me-

246 1808 411 1844 ridiano.

293 1856 328 1890 7.
359 1855 506 1890 Cadent
538 1865 557 1889 a
589 1854 710 1889 latere
744 1857 809 1889 tuo

247 1903 367 1939 mille.
399 1906 432 1937 ct
467 1903 597 1937 decem
637 1901 757 1935 millia
789 1912 808 1935 a

246 1949 398 1985 dextris
420 1950 498 1984 tuis
523 1961 529 1983 :
553 1951 572 1970 *
605 1949 652 1983 ad
677 1952 712 1983 te
739 1959 808 1982 au<

249 2001 323 2032 tem
347 2007 424 2031 non
455 1995 802 2042 appropinquabit.

294 2045 332 2080 8.
373 2044 648 2080 Verumtamen
686 2043 810 2078 oculis

250 2092 329 2127 tuis
374 2091 671 2131 considerabis:
711 2094 729 2111 *⁹
775 2094 811 2126 et

249 2139 549 2174 retributionem
564 2142 810 2185 peccatorum

250 2186 413 2222 videbis.

295 2234 333 2269 9.
361 2234 549 2277 Quoniam
580 2237 620 2269 tu
655 2244 709 2273 cs,
741 2235 811 2269 lio-

250 2281 366 2319 mine,
391 2291 479 2327 spes
504 2292 612 2320 mea:
635 2281 654 2300 *
688 2281 812 2316 Altis—

250 2329 391 2363 simum
421 2329 587 2374 posuisti
618 2329 811 2374 retugium

251 2379 375 2411 tuum.

299 2423 357 2458 10.
397 2424 477 2459 Non
508 2424 665 2459 accedet
700 2424 746 2459 ad
778 2426 813 2458 te

252 2471 422 2510 malum:
463 2470 482 2491 ³³³
527 2474 563 2505 et
616 2471 813 2517 tlagvllum

251 2528 328 2553 non
343 2519 673 2564 appropinquabit
691 2519 811 2554 taber-

252 2566 391 2600 naculo
411 2568 489 2601 tuo.

298 2613 816 2658 11.Quoniamangelissuis

252 2660 451 2695 mandavit
467 2661 512 2696 de
528 2664 575 2702 te;
589 2661 608 2679 *
632 2664 674 2695 ut
689 2663 815 2696 custo-

251 2706 362 2741 diant
396 2710 432 2742 te
461 2708 497 2742 in
530 2708 713 2743 omnibus
742 2707 816 2742 viis

255 2754 346 2788 tuis.

302 2801 360 2836 12.
396 2802 436 2836 ln
467 2802 648 2837 manibus
685 2804 816 2846 porta-

254 2847 352 2882 bunt
376 2851 429 2889 tc;
456 2849 475 2867 ⁹¹⁸
502 2860 548 2884 ne
576 2850 673 2884 lorte
694 2849 816 2883 olien—

253 2895 322 2929 das
366 2896 413 2930 ad
468 2896 634 2941 lapidem
681 2896 816 2941 pedem

256 2944 380 2976 tuum.

303 2988 361 3023 13.
407 2990 531 3034 Super
569 2990 742 3034 aspidem
781 2993 817 3024 et

255 3035 482 3070 basiliscum
517 3037 766 3078 ambulabis;
799 3036 818 3055 ³⁶

255 3085 292 3116 et
318 3084 566 3119 conculcabis
601 3084 749 3119 leonem
781 3087 818 3118 et

254 3129 476 3165 draconem.

304 3176 362 3210 14.
391 3177 579 3220 Quoniam
598 3178 635 3212 in
656 3188 714 3211 mc
736 3187 816 3222 spe—

257 3223 370 3263 ravit,
428 3224 601 3259 liberabo
649 3235 761 3265 eum;
799 3224 818 3242 *

256 3273 455 3315 protegam
478 3282 564 3306 eum
590 3283 597 3313 3
635 3271 817 3316 quoniam

255 3318 437 3362 cognovit
456 3328 594 3353 nomen
619 3328 760 3352 mcum.

1298 680 1406 732 [siNE
1434 679 1612 732 Tri-ulo]

881 804 1054 857 [Beatus
1071 803 1108 857 ¹2]
1145 806 1346 845 habitans
1363 806 1408 844 in
1431 805 1617 845 latibulo
1639 805 1808 845 Excelsi

933 869 1103 922 [etqui]
1138 871 1183 910 in
1214 871 1368 910 umbra
1399 870 1725 921 Omnipotentis
1759 869 2009 921 pernoctat!

881 956 1196 996 DicoJebovae:
1215 955 1469 1005 «retugium
1483 965 1631 993 meum
1651 958 1691 993 et
1706 965 1784 993 arx
1802 964 1895 992 mea
1914 951 2010 1004 [es],

934 1034 952 1058 »
986 1019 1064 1073 [es]
1086 1022 1193 1060 deus
1217 1032 1341 1060 meus
1363 1020 1408 1059 in
1431 1031 1518 1070 quo
1541 1019 1737 1066 confido;

881 1117 900 1143 »
932 1105 1033 1144 Ideo
1056 1104 1150 1155 ipse
1172 1103 1378 1143 liberabit
1395 1114 1464 1142 me
1480 1104 1532 1142 de
1555 1102 1711 1153 laqueo
1731 1101 1931 1152 aucupis,

934 1182 952 1207 »
985 1170 1036 1209 de
1053 1174 1174 1221 peste
1196 1167 1527 1208 calamitatum!
1551 1179 1569 1205 ›>

881 1383 971 1422 Sub
991 1395 1132 1434 penna
1156 1382 1297 1433 ipsius
1320 1386 1431 1432 teget
1461 1386 1500 1421 te

934 1453 974 1488 et
995 1449 1077 1488 sub
1098 1448 1181 1487 alis
1203 1448 1297 1499 ejus
1320 1446 1566 1497 confugies,

933 1519 1107 1554 scutum
1131 1518 1173 1553 et
1191 1513 1371 1565 clypeus
1389 1510 1502 1563 [erit]
1528 1512 1716 1551 fidelitas
1739 1511 1835 1562 ejus
1855 1525 1863 1559 ;

882 1597 977 1636 Non
995 1596 1171 1636 timebis
1194 1608 1215 1635 a
1241 1596 1396 1635 timore
1419 1595 1576 1641 noctis,

933 1674 955 1701 a
979 1661 1134 1713 sagitta
1158 1659 1302 1712 [quae]
1326 1661 1441 1700 volat
1462 1659 1553 1708 diu,

882 1746 915 1784 A
939 1749 1056 1796 peste
1081 1742 1224 1795 [quae]
1248 1744 1294 1783 in
1316 1744 1585 1784 obscuritate
1609 1742 1897 1793 perambulat,

936 1810 988 1849 ab
1011 1810 1182 1849 excidio
1206 1808 1356 1860 [quod]
1381 1814 1519 1849 vastat
1541 1808 1726 1848 meridie
1746 1822 1753 1853 ;

884 1891 1026 1944 [Cum]
1050 1895 1225 1933 caderet
1247 1906 1268 1932 a
1293 1893 1428 1932 latere
1449 1898 1522 1931 tuo
1548 1892 1668 1930 mille

937 1964 978 1997 et
1000 1959 1163 2010 myrias
1185 1970 1205 1997 a
1227 1960 1378 1997 dextra
1401 1963 1491 2003 tua,

936 2024 990 2063 ad
1015 2028 1053 2063 te
1070 2035 1156 2062 non
1180 2023 1556 2073 appropinquaret
1585 2037 1592 2061 z

885 2107 1071 2146 Tantum
1096 2118 1174 2156 per
1191 2107 1342 2145 oculos
1365 2110 1462 2145 tuos
1484 2105 1671 2156 aspicies

938 2177 977 2212 et
997 2171 1332 2211 retributionem
1352 2171 1588 2221 impiorum
1623 2169 1793 2209 videbis
1818 2168 1826 2208 l

1901 2315 2015 2369 [est]‚

887 2385 1102 2433 Quoniam
1129 2391 1173 2425 tu
1198 2383 1383 2437 [dixisti]
1405 2400 1411 2424 :
1435 2385 1597 2424 Jehova
1622 2383 1843 2433 retugium
1869 2394 2014 2422 meum

941 2451 1016 2500 [et]
1050 2450 1329 2490 Altissimum
1361 2449 1545 2501 posuisti
1578 2448 1850 2500 praesidium
1876 2452 2017 2490 tuum,

890 2534 983 2574 Non
1007 2534 1274 2573 immittetur
1288 2534 1341 2573 ad
1366 2539 1405 2573 te
1430 2534 1594 2572 malum

942 2605 982 2640 et
1004 2600 1128 2651 plaga
1157 2611 1244 2638 non
1275 2599 1650 2650 appropinquabit
1667 2597 1856 2638 tentorio
1881 2602 1977 2644 tuo;

890 2682 1102 2731 Quoniam
1126 2682 1293 2733 angelis
1315 2681 1408 2721 suis
1431 2682 1658 2721 mandabit
1680 2682 1732 2720 de
1754 2685 1795 2720 te

943 2748 993 2787 ad
1015 2747 1353 2787 custodiendum
1377 2751 1415 2786 te
1437 2746 1482 2785 in
1504 2746 1711 2785 omnibus
1730 2745 1812 2784 viis
1834 2744 1948 2783 tuis:

892 2832 1034 2880 Super
1056 2840 1213 2868 manus
1235 2828 1473 2879 portabunt
1493 2833 1532 2867 te

943 2905 997 2933 ne
1018 2894 1215 2933 ostendas
1236 2894 1286 2932 ad
1309 2893 1498 2943 lapidem
1523 2893 1678 2943 pedem
1698 2897 1838 2937 tuum,

892 2976 1218 3027 Superleonem
1243 2981 1282 3016 et
1304 2975 1502 3026 aspidem
1525 2974 1792 3022 ambulabis,

943 3041 1223 3081 conculcabis
1245 3041 1501 3080 leunculum
1526 3045 1566 3080 et
1587 3037 1850 3079 draconem!

893 3259 912 3283 α
946 3248 1161 3294 Quoniam
1185 3247 1292 3286 mihi
1321 3246 1534 3294 adhaesit,
1557 3246 1654 3285 ideo
1682 3244 1878 3284 liberabo
1901 3255 2017 3291 eum,

949 3323 967 3349 ))
991 3313 1191 3353 exaltabo
1207 3324 1323 3359 eum,
1341 3312 1445 3362 quia
1461 3310 1663 3362 cognovit
1677 3320 1839 3350 nomen
1858 3319 2019 3355 meum,
