2243 3568
280 336 312 370 9.
336 335 431 378 Quia
447 335 605 370 satiavit
627 335 798 371 animam

236 383 390 418 inanem
425 393 432 423 ;
479 382 499 401 *
540 386 577 417 et
639 383 798 418 animan

233 430 472 465 esurientem
492 429 651 464 satiavit
668 430 795 465 bonis.

228 519 232 524 ·
280 477 336 511 10.
352 477 542 512 Sedentes
560 477 600 511 in
623 477 798 513 tenebris

231 527 271 559 et
293 524 431 559 umbra
454 524 593 559 mortis
618 536 624 559 :
653 524 673 543 *⁵
711 525 798 559 vin-

232 575 315 607 ctos
352 571 390 606 in
446 571 713 615 mendIcitate‚
760 575 798 608 et

232 620 348 654 terro.

279 667 335 701 11.
385 666 482 709 Quia
545 666 796 702 exacerbave-

233 716 326 748 runt
345 713 497 759 eloquia
510 713 574 748 Dei
593 724 601 755 ;
621 713 641 733 *
657 717 693 749 et
709 724 796 749 con-

231 761 365 796 silium
390 761 587 796 Altissimi
619 761 796 797 irritave-

231 811 339 843 runt.

279 856 336 891 12.
370 856 411 890 Et
450 856 701 890 humiliatum
737 859 797 891 est

232 903 272 938 in
296 902 499 939 laboribus
517 913 583 938 cor
605 914 739 938 eorum
757 915 764 940 2
781 903 800 922 .›:÷

233 950 426 985 infirmati
464 954 573 990 sunt,
616 961 687 985 nec
725 951 800 989 tujt

232 998 298 1043 qui
316 996 536 1043 adjuvaret.

279 1045 336 1081 13.
368 1046 411 1080 Et
448 1045 719 1081 clamaverunt
751 1045 799 1080 ad

234 1092 441 1128 Dominum
458 1103 546 1128 cum
563 1093 797 1128 tribularetr

232 1143 297 1175 tur
322 1151 330 1183 ;
353 1140 373 1159 1
394 1143 432 1175 et
470 1141 517 1176 de
554 1140 797 1176 necessitati-

233 1187 307 1223 bus
335 1198 469 1223 eorum
501 1188 685 1223 liberavit
718 1198 797 1222 eos.

280 1235 338 1270 14.
375 1235 419 1269 Et
460 1235 594 1271 eduxit
645 1245 711 1270 eos
752 1235 798 1270 de

235 1282 422 1319 tenebris.
447 1286 484 1317 et
525 1282 662 1317 umbra
699 1293 797 1316 mor-

234 1329 284 1365 tis
306 1340 313 1370 ;
337 1330 357 1348 1
389 1333 426 1364 et
466 1330 623 1365 vincula
663 1341 797 1365 eorum

230 1377 416 1422 disrupit.

280 1425 336 1459 15.
349 1425 622 1459 Contiteantur
639 1424 798 1459 Domino

233 1472 514 1507 misericordia¹
551 1469 660 1516 ejus:
702 1472 721 1491 ’1
761 1475 799 1506 et

232 1519 428 1554 mirabilia
450 1517 537 1565 ejus
566 1519 659 1554 tiliis
678 1519 797 1553 homi-
835 1530 837 1532 ·

234 1578 341 1601 num.

238 1618 242 1622 '
279 1614 334 1649 16.
366 1613 461 1657 Quia
495 1614 685 1649 contrivit
713 1625 797 1660 pqr-

237 1665 294 1697 tas
340 1672 483 1697 aereas:
531 1661 551 1680 *
597 1664 634 1696 et
668 1665 798 1697 vectes

232 1709 379 1744 terreos
407 1709 616 1755 confregit.

279 1756 337 1791 17.
367 1756 550 1801 Suscepit
583 1766 648 1791 eos
670 1756 717 1792 de
738 1757 798 1792 via

235 1803 459 1849 iniquitatis
478 1814 635 1846 eorum3
670 1803 691 1822 *
714 1814 797 1849 pro-

232 1854 317 1896 pter
338 1849 558 1896 injustitias
580 1851 683 1886 enim
707 1861 800 1887 suas

234 1898 430 1933 humiliati
454 1901 561 1933 sunt.

282 1946 338 1981 ts.
362 1946 523 1980 Omnem
562 1955 690 1981 escam
711 1946 796 1981 abo-

234 1993 381 2028 minata
403 1997 463 2028 est
477 1992 607 2028 anima
620 2004 753 2028 eorum
768 1993 800 2033 ς*

234 2043 271 2075 et
291 2040 709 2085 appropinquaverunt
737 2051 798 2075 us-

233 2098 308 2133 que
329 2088 377 2123 ad
399 2090 531 2132 portas
550 2088 703 2123 mortis.

284 2136 336 2170 19.
373 2135 416 2169 Et
455 2134 726 2170 clamaverunt
751 2135 801 2170 ad

238 2182 441 2217 Dominum
500 2192 587 2217 cum
638 2182 798 2218 tributa-

236 2233 399 2271 rentur3
435 2232 472 2264 et
508 2229 554 2264 de
589 2229 798 2265 necessita-

238 2277 344 2312 tibus
363 2286 496 2312 eorum
521 2276 703 2311 liberavit
719 2288 797 2312 eos.

282 2325 338 2360 20.
363 2324 470 2359 Misit
493 2323 653 2359 verbum
668 2334 798 2371 suum.

235 2375 273 2407 et
300 2371 455 2407 sanavit
482 2381 572 2413 e0s;
606 2371 627 2390 *
651 2375 688 2407 et
727 2372 798 2407 eri-

235 2419 320 2464 puit
338 2429 403 2453 eos
425 2419 471 2454 de
499 2418 799 2455 interitionibus

234 2477 382 2502 eorum.

280 2513 338 2549 21.
364 2513 637 2549 Confiteantur
677 2513 798 2549 Domi

236 2572 285 2596 no
314 2561 594 2596 misericordiae
629 2559 745 2606 ejus:
780 2561 799 2579 1

235 2612 272 2643 et
291 2608 486 2644 mirabilia
508 2606 594 2653 ejus
626 2608 719 2643 tiliis
736 2608 797 2643 ho-

236 2655 385 2691 minum
405 2667 412 2698 ;

281 2703 338 2738 22.
364 2703 407 2738 Et
434 2703 660 2739 sacrificent
681 2703 798 2738 sacri-

237 2750 367 2785 ficium
388 2751 539 2792 laudis;
562 2750 582 2769 *
600 2754 797 2786 etannun-

238 2797 337 2832 tient
358 2808 473 2843 opera
505 2796 590 2843 ejus
624 2798 663 2832 in
691 2798 797 2832 exul-

238 2845 396 2880 tatione.

282 2892 339 2926 23.
353 2891 423 2935 Qui
434 2892 677 2927 descendunt
694 2902 800 2927 mare

238 2938 276 2973 in
320 2939 501 2975 navibus.
553 2938 573 2951 1
611 2939 799 2974 iacientes

236 2986 502 3030 operationem
527 2985 564 3019 in
576 2986 689 3030 aquis
703 2986 797 3020 mul-

239 3033 303 3067 tis.

285 3080 342 3114 ⁴34.
368 3080 445 3124 lpsi
478 3079 664 3114 viderunt
685 3090 799 3124 opera

239 3127 406 3168 Domini,
460 3127 478 3144 ²⁸
532 3129 569 3161 et
605 3126 800 3162 mirabilia

238 3172 323 3220 ejus
346 3174 384 3207 in
405 3173 610 3218 profundo.

284 3221 343 3256 25.
373 3221 479 3255 Dixit
519 3223 557 3255 et
578 3220 689 3255 stetit
720 3221 801 3265 spi-

239 3268 341 3303 ritus
358 3267 540 3312 procellae
563 3277 571 3309 ς
590 3267 610 3285 ³*
631 3270 669 3302 et
695 3268 802 3302 exal-

241 3315 310 3351 tati
330 3317 424 3350 sunt
446 3315 590 3350 fluctus
611 3311 714 3359 ejus.

1000 205 1239 252 -304-

875 334 1164 388 Confiteantar
1179 334 1357 376 Jehovae
1376 336 1451 389 [de]
1478 336 1758 377 misericordia
1781 339 1864 388 ejas

930 406 967 440 et
989 399 1066 453 [cle]
1088 399 1348 441 mirabilibus
1369 403 1455 453 ejus
1475 400 1575 455 filiis
1598 401 1774 442 hominis
1795 414 1808 442 .·

873 480 977 516 Nam
998 477 1170 517 satiavit
1191 477 1377 517 animam
1390 479 1600 517 sitientem

925 548 963 581 et
980 543 1165 582 animam
1188 544 1435 583 esurientem
1457 541 1640 595 implevit
1659 541 1762 583 bono
1782 547 1794 584 l

1423 668 1458 707 tl

874 766 1037 820 [Erant]
1062 769 1310 809 habitantes
1329 769 1611 809 obscuritatis
1630 775 1670 809 et
1687 770 1869 810 umbrae
1892 782 2005 809 mor-

925 833 1058 872 viucti
1084 834 1287 873 miseriae
1310 839 1351 874 et
1373 839 1563 882 catenae,
1918 833 2005 886 [tis,

874 910 1086 958 Quoniam
1112 911 1434 951 rebellaverant
1450 911 1579 952 dictis
1603 912 1676 951 Dei

927 981 968 1015 et
990 976 1227 1015 consilium
1257 977 1473 1016 Altissimi
1501 977 1747 1024 irriserant,

875 1053 923 1092 Et
946 1053 1254 1093 humiliaverat
1279 1054 1325 1093 iu
1348 1055 1497 1094 dolore
1521 1066 1596 1093 cor
1616 1066 1787 1096 eorum,

927 1118 1179 1158 ceciderant
1202 1124 1241 1158 et
1264 1131 1352 1158 non
1376 1114 1708 1159 erat‘auxilians
1730 1133 1738 1157 :

877 1228 985 1264 Tunc
1000 1222 1282 1264 clamaverunt
1298 1225 1350 1263 aa
1365 1223 1556 1264 Jehooam
1574 1226 1618 1263 in
1635 1222 1905 1264 tribulatione
1915 1236 2006 1272 sua,

925 1290 971 1328 de
990 1291 1194 1341 anqustiis
1217 1291 1398 1341 ipsoram
1413 1287 1589 1329 salvavit
1603 1301 1681 1338 eos,

872 1365 933 1407 Ed
939 1367 1028 1407 accit
1048 1379 1112 1407 eos
1134 1368 1180 1407 de
1194 1365 1444 1407 obscuritate
1464 1373 1500 1406 et
1516 1365 1664 1406 umbra
1677 1368 1824 1406 mortis

926 1437 962 1472 et
983 1430 1143 1472 vincula
1163 1445 1303 1472 coram
1317 1431 1512 1484 disrupit.

875 1508 1164 1562 Confiteaiitur
1182 1509 1356 1550 Jehocae
1375 1508 1452 1562 [de]
1480 1511 1768 1549 misericordia
1791 1510 1876 1560 ejus

927 1581 964 1615 et
979 1573 1056 1628 [dc]
1077 1573 1339 1615 mirabilibus
1360 1576 1447 1626 ejus
1467 1573 1569 1628 filiis
1586 1574 1764 1617 hominis
1786 1586 1797 1614 :

875 1651 985 1692 Nam
1004 1649 1129 1704 frcyit
1144 1657 1288 1704 portas
1309 1652 1419 1692 aeris

927 1722 964 1757 ct
985 1723 1108 1757 vectes
1129 1717 1234 1767 ferri
1252 1718 1379 1757 secuit
1402 1719 1415 1757 Ι

1417 1842 1471 1881 ΙΙΙ

877 1942 1042 1995 [Erant]
1066 1944 1226 1990 insani,
1253 1948 1433 1994 propter
1454 1943 1568 1981 viam
1608 1942 1771 1993 peccati
1809 1942 2009 1992 ipsorum

929 2013 970 2047 et
993 2013 1172 2059 propter
1195 2012 1366 2058 peccata
1390 2020 1466 2047 sua
1498 2007 1820 2058 affligebantur,

875 2085 1060 2124 Omnem
1085 2095 1225 2124 escam
1265 2085 1606 2124 abominabatur
1636 2084 1784 2124 anima
1807 2084 2008 2134 ipsorum

929 2154 970 2189 et
986 2150 1404 2200 appropinquabant
1425 2161 1566 2200 usque
1588 2150 1641 2188 ad
1660 2155 1807 2199 portas
1828 2149 2006 2188 mortis:

880 2258 986 2294 Tunc
1001 2254 1131 2295 clama
1141 2261 1284 2295 terant
1304 2256 1356 2294 ad
1369 2252 1559 2294 Jehocam
1574 2258 1619 2294 in
1634 2253 1902 2294 tribulatione
1916 2266 2006 2302 sua,
2053 2307 2061 2312 -

927 2321 972 2359 de
993 2321 1196 2372 anqustiis
1215 2322 1397 2372 ipsoram
1414 2318 1588 2359 salvavit
1609 2332 1688 2368 608,

875 2399 986 2437 Misit
1007 2396 1174 2437 verbum
1190 2409 1309 2436 suam
1331 2399 1370 2437 et
1389 2398 1557 2437 sanavit
1576 2408 1640 2436 eos

928 2469 965 2502 et
987 2460 1176 2503 liberavit
1199 2461 1295 2515 [eos]
1318 2463 1365 2502 cle
1381 2461 1579 2514 sepulcris
1599 2463 1700 2502 suis.

876 2538 1170 2593 Confizeantar
1187 2540 1358 2580 jehovae
1382 2538 1459 2591 [de]
1481 2536 1767 2578 misericordia
1788 2538 1876 2589 ejus

927 2612 963 2645 et
985 2604 1063 2657 [de]
1085 2603 1349 2645 mirabilibus
1371 2606 1457 2656 ejiis
1477 2603 1580 2658 filiis
1603 2602 1780 2643 hominis
1799 2615 1811 2643 .·

872 2687 924 2723 Et
938 2681 1172 2735 sacrificent
1193 2681 1399 2734 sacrificia
1421 2680 1689 2734 confessionis

926 2750 1182 2787 et‘enarrent
1203 2759 1327 2799 opera
1347 2749 1434 2799 ejus
1455 2759 1546 2787 cum
1567 2744 1847 2786 exultatione!

1414 2871 1466 2911 IV

874 2972 1039 3025 [Erant]
1060 2974 1377 3013 descendentes
1408 2984 1527 3011 mare
1548 2973 1593 3011 in
1615 2971 1802 3011 navibus

927 3039 1138 3078 iacientes
1160 3039 1352 3078 laborem
1376 3038 1423 3076 in
1444 3037 1572 3087 aquis
1594 3037 1761 3083 multis,

875 3116 950 3154 Isti
973 3115 1182 3155 videbant
1208 3127 1337 3166 opera
1359 3115 1564 3161 Jehovae,

929 3184 970 3219 et
992 3180 1211 3219 mirabilia
1234 3181 1328 3231 ejus
1350 3180 1396 3218 in
1419 3180 1665 3229 profundo:

878 3257 1009 3303 Dixit,
1034 3262 1075 3296 et
1096 3257 1199 3297 [ecit
1219 3259 1391 3296 adstare
1415 3261 1592 3296 ventum
1617 3255 1832 3306 procellae

932 3325 972 3360 et
995 3321 1232 3361 extollebat
1253 3321 1412 3368 ssuctus
1431 3321 1547 3371 ejus:
