2243 3568
267 311 301 346 9.
314 311 364 345 Ne
380 310 519 355 perdas
531 318 619 343 cum
634 306 779 351 impiis.

223 360 339 398 Deus,
361 357 529 391 animam
553 364 690 391 meam,
712 357 725 366 ⁸
746 356 783 388 et

221 415 308 440 cum
331 404 428 439 viris
456 402 696 447 sanguinum
725 401 784 435 vi-

223 456 300 487 tam
323 460 460 485 meam.

269 498 324 533 10.
348 498 391 532 In
413 505 579 542 quorum
602 495 785 530 manibus

222 545 453 590 iniquitates
466 546 560 579 sunt
575 554 583 585 ;
597 542 612 556 ⁹*
624 543 785 579 dextera

221 602 356 628 eorum
373 591 521 637 repleta
537 593 597 626 est
615 589 787 624 muneri-

223 640 316 675 bus.

270 686 326 721 11.
376 686 453 731 Ego
485 688 615 720 autem
648 684 687 719 in
726 684 787 718 in-

224 733 403 769 nocentia
449 743 532 768 mea
580 732 787 777 ingressus

224 791 337 824 sum;
360 780 375 794 ³*
396 780 543 816 redime
561 790 634 817 me,
658 782 696 814 et
714 779 788 813 mi-

225 838 357 863 serere
379 827 466 862 mei.

272 875 328 910 12.
356 876 423 910 Pes
463 885 573 909 meus
606 874 718 909 stetit
749 873 788 907 in

224 923 394 964 direct03
418 921 433 935 ³*
451 922 490 956 in
519 921 697 957 ecclesiis
723 921 789 955 be-

230 969 406 1005 nedicam
427 972 476 1011 te,
502 969 675 1004 Domine.

857 305 919 344 Ne
940 304 1122 354 colligas
1162 315 1262 343 cum
1287 302 1591 353 peccatoribus
1619 303 1811 341 animam
1846 313 1985 341 meam

911 374 952 409 et
973 380 1073 408 cum
1098 368 1205 407 viris
1227 367 1494 418 sanguinum
1519 367 1654 406 vitam
1680 378 1837 415 meam,

859 459 1026 506 Quibus
1052 456 1148 508 [est]
1172 457 1218 496 in
1242 457 1448 496 manibus
1476 457 1569 496 suis
1591 457 1748 503 scelus,

915 524 1022 562 dum
1046 523 1224 562 dextera
1244 533 1396 561 eorum
1421 520 1519 572 [est]
1543 522 1672 572 plena
1691 521 1792 560 doni
1816 520 1882 571 (¹).

861 613 1018 652 Contra
1041 623 1119 663 ego
1137 611 1183 650 in
1205 610 1458 651 innocentia
1480 621 1575 650 mea
1594 611 1719 658 vado,

915 677 1052 717 libera
1075 688 1144 715 me
1167 680 1208 716 et
1230 676 1441 716 miserere
1464 675 1566 715 mei.

863 768 942 806 Pes
966 778 1089 806 meus
1109 764 1207 816 [est]
1232 770 1353 804 stans
1374 765 1420 804 in
1442 764 1511 804 via
1535 769 1665 811 recta,

917 832 959 871 in
981 831 1178 871 coetibus
1200 830 1388 869 laudabo
1406 830 1621 869 Jehovam
1637 829 1682 879 (²)
1703 828 1711 868 !

1318 1009 1549 1054 PSAUME
1582 1008 1762 1060 XXVII,
1797 1009 1834 1051 A
1868 1011 1912 1051 et
1946 1007 1994 1049 B.

308 1128 359 1179 A)
381 1126 634 1180 mctqmfifque
655 1124 779 1165 chant
799 1124 845 1165 de
863 1123 1085 1177 constance,
1109 1123 1289 1164 d'actz‘on
1310 1124 1357 1163 de
1375 1123 1498 1175 yrsiee
1517 1127 1555 1162 et
1575 1120 1766 1161 d'amour
1782 1121 1837 1160 du
1858 1117 2000 1170 temple

229 1191 276 1232 de
300 1190 535 1232 Yahveh.—
548 1192 617 1231 Sia:
637 1189 820 1242 strophas
843 1191 1066 1242 compose'es
1087 1191 1132 1229 de
1152 1191 1256 1229 deur
1275 1190 1489 1242 distiques,
1512 1186 1614 1240 saus
1623 1185 1663 1227 la
1679 1185 1909 1239 quatrieme
1928 1183 2000 1237 qui

311 1282 355 1332 B)
386 1279 593 1334 fraqment
628 1278 749 1329 isol0‘3
784 1279 918 1332 prr-iere
951 1277 1156 1331 conflante
1183 1291 1233 1318 en
1268 1276 1441 1327 Yahveh,
1475 1280 1573 1317 stms
1603 1273 1843 1329 strophique
1877 1285 1998 1326 appa-

284 1401 433 1440 XXVI.
457 1422 507 1428 —
529 1400 565 1439 1.
601 1401 793 1439 PSALMUS

233 1455 366 1493 DAvn)
405 1452 647 1500 PRIUSQUAM
689 1464 792 1492 Lim-

232 1519 382 1546 aaron.

282 1594 470 1629 Dominus
501 1593 795 1628 illuminatio

233 1652 328 1681 mea,
352 1644 390 1676 et
402 1641 619 1680 salusmea,
643 1641 792 1685 *quem

236 1689 379 1723 timebo
400 1687 418 1723 ⁶?
438 1688 627 1723 Dominus
646 1691 793 1734 protec-

234 1739 293 1771 tor
330 1736 420 1770 vitae
458 1746 566 1773 mem,
607 1735 628 1754 ³¹*
662 1747 681 1771 a
719 1746 795 1781 quo

234 1782 435 1828 trepidabo
456 1781 475 1817 ἱ)

276 1830 309 1864 2.
325 1830 420 1864 Dum
431 1830 794 1875 appropiantsuper

234 1888 292 1912 me
306 1880 491 1912 nocentes
503 1879 516 1893 1
530 1881 572 1911 ut
584 1878 701 1912 edant
715 1887 794 1912 car-

235 1934 303 1959 nes
341 1934 459 1959 meas.
502 1924 572 1967 Qui
603 1924 797 1959 tribulant

234 1981 293 2006 me
311 1971 459 2006 inimici
474 1971 588 2007 meh*
601 1971 673 2015 ipsi
690 1971 795 2005 i·ntir—

234 2018 326 2053 mati
347 2021 441 2053 sunt
463 2021 500 2053 et
521 2018 761 2053 reciderunt.

280 2066 317 2100 3.
355 2065 394 2100 si
415 2065 637 2100 consistant
658 2066 797 2100 adver-

233 2123 319 2148 sum
367 2122 427 2147 me
471 2116 613 2153 castra,
661 2112 680 2131 '³⁶³
719 2123 796 2147 non

236 2159 389 2194 timebit
438 2169 504 2194 cor
552 2170 694 2194 meum.
758 2159 796 2194 Si

234 2209 423 2252 exsurgat
476 2207 685 2242 adversum
739 2217 798 2241 me

234 2253 428 2299 pratlium,
470 2253 490 2272 *
537 2254 576 2288 in
617 2254 687 2288 hoc
727 2264 799 2299 ego

233 2301 410 2346 sperabo.

281 2348 313 2383 4.
340 2348 461 2382 Unam
474 2348 566 2393 petii
580 2359 600 2383 a
621 2348 795 2389 Domino,

235 2395 333 2430 hanc
354 2395 564 2440 requiram,
588 2397 607 2414 ‘²‘
626 2398 670 2430 ut
692 2395 797 2430 inha-

235 2442 353 2476 bitem
400 2442 439 2476 in
485 2443 599 2477 domo
645 2442 797 2477 Domini

234 2489 417 2524 omnibus
476 2490 648 2525 diebus
707 2490 798 2525 vitre

236 2546 354 2579 me÷e3
380 2537 428 2571 Ut
449 2537 599 2572 videam
623 2537 797 2582 volupta-

237 2586 311 2618 tem
338 2583 504 2623 Domini,
529 2583 548 2603 *
574 2587 611 2619 et
641 2584 799 2619 visitem

237 2630 422 2674 templum
439 2628 538 2675 ejus.

282 2677 315 2712 5.
363 2677 550 2720 Quoniam
591 2678 797 2713 abscondit

237 2733 296 2758 me
315 2724 353 2758 in
386 2724 638 2760 tabernaculo
660 2736 731 2760 suo
750 2737 758 2767 3
778 2725 798 2744 ³⁶

237 2771 276 2804 in
312 2771 375 2805 die
405 2771 595 2806 malorum
627 2773 799 2816 protexit

238 2827 297 2852 me
319 2818 357 2852 in
372 2818 603 2853 abscondito
623 2819 797 2854 taberna>

236 2864 314 2899 culi
335 2865 411 2899 sui.

284 2910 321 2946 6.
374 2912 415 2946 In
460 2915 567 2956 petra
612 2913 800 2948 exaltavit

238 2957 363 2999 me3*
398 2962 436 2993 et
470 2969 573 2993 nunc
612 2959 800 2994 exaltavit

238 3008 354 3049 caput
373 3015 500 3040 meum
531 3016 648 3050 super
668 3006 801 3040 inimi—

238 3062 303 3086 cos
348 3062 467 3087 meos.
528 3053 713 3088 Cirr-nivi.
764 3057 801 3088 et,

240 3099 437 3133 immolavi
470 3099 507 3133 in
550 3100 801 3134 tabernaculo

239 3143 325 3190 ejus
387 3146 553 3180 hostiam
614 3147 801 3181 vocifera-

1146 1418 1195 1456 A.
1230 1440 1277 1443 —
1309 1418 1442 1456 DAvn)
1474 1413 1710 1467 [passmus]

867 1596 1030 1636 Jehova
1055 1595 1150 1646 [est]
1174 1597 1249 1635 lux
1274 1607 1367 1635 mea
1389 1599 1431 1635 et
1452 1594 1571 1633 salus
1594 1604 1704 1640 mea,

922 1674 945 1701 a
966 1673 1054 1713 quo
1076 1662 1281 1701 timerem
1304 1659 1326 1698 ‘?

868 1728 1031 1767 Jehova
1056 1725 1153 1777 [esti
1173 1739 1251 1766 arx
1273 1726 1387 1766 vitae
1409 1736 1519 1770 mae,

922 1805 944 1831 a
967 1803 1054 1842 quo
1075 1791 1344 1842 trepidarem
1364 1791 1386 1830 ‘?

871 1899 918 1937 In
940 1898 1339 1949 appropinquando
1361 1902 1511 1937 contra
1535 1907 1605 1935 me
1629 1894 1934 1934 malefactores

923 1964 976 2003 ad
1000 1964 1302 2003 devorandum
1320 1974 1497 2002 carnem
1522 1972 1680 2008 meam,

872 2029 1163 2080 Oppressores
1183 2028 1267 2067 mei
1293 2032 1335 2067 et
1355 2027 1526 2066 inimici
1549 2026 1635 2065 mei
1660 2024 1784 2073 mihi,

925 2094 1009 2144 ipsi
1032 2094 1261 2134 oflendunt
1283 2098 1324 2132 et
1343 2094 1527 2133 cadunt.

875 2201 919 2240 Si
943 2203 1330 2240 castrametaretur
1351 2203 1499 2238 eontra
1524 2209 1592 2236 me
1615 2208 1790 2248 agmen,

926 2277 1014 2305 non
1036 2265 1214 2304 timeret
1234 2276 1308 2303 cor
1330 2275 1477 2303 meum
1498 2278 1505 2309 ;

874 2331 918 2370 Si
942 2334 1198 2381 exsurgeret
1217 2334 1369 2369 contra
1393 2340 1462 2368 me
1486 2340 1647 2379 pugna,

926 2396 973 2435 in
993 2396 1072 2435 hac
1093 2406 1171 2446 ego
1193 2394 1476 2435 confiderem.

874 2502 1019 2541 Unum
1042 2501 1191 2552 rogavi
1213 2513 1237 2541 a
1257 2501 1436 2548 Jehova,

928 2567 1008 2606 hoc
1029 2566 1254 2617 requiram
1280 2575 1481 2615 semper:

878 2631 1082 2671 Habitare
1101 2642 1170 2670 me
1191 2630 1238 2670 in
1257 2631 1386 2670 domo
1406 2629 1595 2670 Jehovae

925 2696 1134 2736 omnibus
1155 2695 1312 2735 diebus
1332 2694 1447 2734 vitae
1468 2705 1605 2741 meae,

873 2762 938 2801 Ad
960 2761 1290 2812 respiciendum
1312 2760 1359 2799 in
1379 2760 1660 2810 splendorem
1678 2758 1884 2805 Jehovae,

927 2831 969 2865 et
988 2827 1039 2865 ad
1064 2825 1403 2876 adspiciendum
1426 2825 1472 2864 in
1494 2823 1710 2874 templum
1733 2823 1842 2881 ejus.

876 2931 982 2970 Nam
1006 2932 1245 2971 occultaret
1267 2943 1336 2971 me
1357 2931 1403 2970 in
1424 2929 1615 2970 tentorio
1634 2940 1714 2969 suo

927 2996 973 3035 in
994 2996 1064 3036 die
1086 2997 1189 3036 mali
1211 3011 1219 3043 ;

876 3061 1122 3100 Occultaret
1139 3072 1208 3100 me
1224 3061 1269 3100 in
1292 3061 1478 3100 latibulo
1501 3058 1773 3100 tabernaculi
1797 3058 1883 3104 sui,

928 3125 973 3163 in
994 3137 1103 3175 rupe
1123 3126 1335 3165 exaltaret
1354 3137 1442 3166 me.

301 3263 343 3300 (1)
371 3261 460 3291 Ρουι·
481 3261 654 3292 s‘assurer
672 3262 703 3292 la
731 3263 944 3293 connivenee
961 3263 1006 3293 du
1030 3264 1123 3302 iuge,
1145 3272 1188 3293 ou
1209 3272 1295 3302 pour
1313 3264 1506 3303 temoigner
1523 3272 1566 3294 ou
1586 3272 1673 3302 pour
1697 3262 1823 3293 rendre
1843 3262 2005 3296 sentence

241 3305 360 3334 contre
383 3303 432 3334 les
454 3301 643 3333 innocentS.
