2243 3568
258 338 318 373 24.
347 334 561 381 Respondit
587 333 619 368 ei
649 332 689 367 in
711 331 773 366 via

212 384 373 421 virtutis
402 392 484 418 suae
512 392 519 416 ε
547 381 568 400 ³¹⁶
597 378 773 425 paucita-

212 435 288 468 tem
305 431 457 467 dierum
480 436 655 463 meorum
674 435 774 461 nun-

212 479 264 514 tia
285 477 393 512 mihi.
523 481 525 483 “

256 526 312 560 25.
333 525 385 559 Ne
401 532 559 558 revoces
577 531 637 555 me
658 521 697 555 in
717 519 772 555 di-

210 572 329 608 midio
350 571 502 607 dierum
526 578 701 603 meorum
722 578 728 601 :
752 566 772 585 *

210 620 248 654 in
271 618 565 665 generationem
587 619 625 651 et
651 621 770 660 gene-

210 668 399 703 rationem
421 664 514 699 anni
538 663 608 698 tui.

254 714 312 749 26.
348 712 464 747 Initio
502 714 557 747 tu,
595 708 767 748 Domine,

209 765 352 796 terram
375 758 550 794 fundasti
573 757 616 792 z*
632 759 670 791 et
683 766 768 801 ope-

208 819 250 844 ra
277 816 462 842 manuum
494 808 650 840 tuarum
675 806 770 838 sunt

207 856 308 891 coeli.

254 903 312 938 27.
333 901 409 946 Ipsi
426 900 625 945 peribunt,
645 901 685 933 tu
704 908 767 932 au—

209 954 284 985 tem
304 958 530 994 permanes:
549 946 568 958 *⁶
581 949 618 981 et
634 955 769 980 omnes

206 998 310 1032 sieut
343 995 623 1031 vestimentum
663 996 769 1027 vete-

207 1047 376 1080 rascent.
408 1043 452 1077 Et
481 1041 583 1077 sicut
613 1043 768 1085 operto—

207 1092 308 1126 rium
332 1089 503 1125 mutabis
525 1098 602 1129 eos,
627 1091 664 1123 et
688 1097 770 1121 mu-

208 1139 397 1174 tabuntur
421 1148 428 1172 :

243 1186 357 1221 ⁶28Tu
367 1187 496 1220 autem
512 1183 610 1218 idem
623 1182 704 1227 ipse
717 1192 768 1220 es,

184 1230 187 1231 ⁷
206 1237 241 1268 et
260 1233 353 1268 anni
372 1232 427 1266 tui
448 1241 524 1265 non
541 1230 737 1265 deficient.

253 1281 310 1315 29.
332 1279 420 1314 Filii
449 1287 652 1313 servorum
682 1280 768 1312 tuo-

207 1338 292 1362 rum
321 1326 555 1362 habitabunt
577 1336 583 1359 :
607 1324 626 1343 ÷÷÷
648 1328 685 1359 et
707 1334 767 1359 se-

206 1385 293 1409 men
327 1383 461 1409 eorum
500 1373 538 1407 in
578 1372 767 1407 saeculum

205 1422 413 1467 dirigetur.

977 227 1030 233 -—-
1059 203 1213 244 280—

847 329 1013 369 Afflixit
1032 328 1080 367 in
1100 326 1259 367 itinere
1280 325 1489 364 virtutem
1512 333 1670 369 meam,

901 399 1115 439 breviavit
1135 398 1228 437 dies
1252 406 1371 435 meos
1389 406 1397 438 3

850 481 967 534 [Sed]
991 482 1135 522 dicam
1155 495 1162 520 :
1188 480 1247 518 mi
1270 480 1400 526 Deus,
1424 488 1479 517 ne
1500 477 1628 516 tollas
1650 487 1719 516 me

900 554 946 592 in
967 552 1153 592 dimidio
1175 550 1347 590 dierum
1369 559 1584 594 meorum,

847 637 891 676 In
913 635 1242 687 generationem
1265 638 1306 672 et
1326 631 1655 684 generationem

897 706 1077 746 annitui
1100 702 1411 756 [pernianent]‚

845 789 958 829 Olim
981 794 1144 828 terram
1167 786 1362 826 fundasti

897 865 938 900 et
959 871 1070 910 opus
1093 870 1307 898 manuum
1324 862 1500 897 tuarum
1520 854 1730 908 [fuerunt]
1754 855 1878 902 caeli,

845 944 931 995 Ipsi
954 943 1163 995 peribunt
1186 943 1261 982 sed
1284 946 1330 981 tu
1355 940 1650 992 permanebis,

897 1019 938 1054 et
958 1026 1114 1054 onmes
1136 1014 1166 1053 ii
1192 1014 1303 1054 sicut
1326 1012 1638 1052 vestimentum
1662 1015 1922 1058 atterentur,

897 1086 1011 1126 siout
1032 1091 1196 1125 vestem
1239 1084 1432 1124 mutabis
1469 1095 1557 1131 eos,
1583 1088 1624 1123 et
1653 1082 1974 1127 mutabuntur;

846 1170 926 1209 Sed
952 1175 997 1209 tu
1021 1169 1139 1209 idem
1165 1166 1257 1220 [es]‚

897 1245 938 1280 et
959 1241 1063 1280 anni
1085 1240 1149 1280 tui
1172 1251 1261 1279 non
1282 1239 1496 1279 finientur
1516 1253 1524 1278 ε
1812 1248 1975 1301 [neant,

845 1323 1034 1375 [Utinam
1057 1321 1176 1374 ergo]
1216 1322 1295 1362 filii
1331 1334 1560 1362 servorum
1593 1326 1770 1361 tuorum
1807 1332 1976 1371 perma-

897 1400 937 1434 et
950 1406 1101 1435 semen
1115 1406 1267 1434 eorum
1282 1398 1382 1433 ante
1395 1393 1551 1432 faeiem
1566 1397 1685 1432 tuam
1703 1389 1972 1432 stabiliatur!

1590 1534 1820 1579 PSAUME
1852 1533 1966 1578 CIII.

289 1673 340 1708 La
373 1667 493 1708 home}
521 1667 567 1707 de
600 1665 755 1707 Yahveh
791 1672 828 1707 et
861 1679 907 1706 sa
939 1665 1201 1706 misericorde
1232 1678 1340 1719 pom·
1370 1677 1430 1705 ses
1459 1666 1692 1704 servitem&
1730 1663 1977 1717 Maqnifique

204 1734 338 1786 poem&
359 1732 532 1773 encadre'
550 1740 662 1772 entre
683 1745 741 1771 un
762 1730 926 1784 refrain
949 1731 1093 1771 initiat
1114 1739 1151 1771 et
1171 1730 1290 1783 final,
1311 1732 1441 1772 Benis
1462 1732 1655 1778 Yahvel1‚
1677 1732 1701 1771 ὁ
1729 1741 1830 1770 mon
1851 1730 1967 1769 ame.

207 1798 332 1851 Apres
354 1810 434 1838 une
463 1798 747 1837 introclttctz'on
771 1796 816 1837 de
837 1797 1026 1850 quelques
1050 1809 1150 1845 vers,
1183 1800 1275 1850 cinq
1303 1794 1486 1847 strophes
1512 1796 1556 1835 de
1584 1801 1729 1849 quatre
1760 1793 1974 1848 distiques,

261 1923 343 1962 CII.
367 1923 476 1962 -1,
501 1923 583 1961 Ips1
609 1923 761 1962 DAvm.

256 2017 433 2054 Benedie.
448 2017 577 2052 anima
590 2027 684 2055 mea,
703 2017 770 2051 Do-

210 2065 315 2099 mino
333 2077 339 2099 :
360 2065 380 2083 *-
401 2068 439 2099 et
460 2064 589 2099 omnia
607 2075 694 2109 quai
715 2064 771 2098 in-

210 2115 268 2147 tra
291 2122 351 2146 me
366 2115 474 2153 sunt,
493 2111 640 2146 nomini
661 2121 768 2146 sane-

210 2162 248 2194 to
269 2157 369 2204 ejus.

255 2218 289 2253 ἱ).
311 2218 490 2258 Benedio,
519 2218 648 2252 anima
673 2228 769 2255 mea,

211 2265 373 2299 Domino
403 2276 409 2299 :
450 2266 471 2286 f
499 2265 641 2300 et‘noli
671 2264 770 2299 obli-

209 2313 305 2347 visci
327 2322 463 2348 omnes
485 2312 771 2347 retributiones

209 2357 309 2404 ejus.

255 2418 288 2453 3.
312 2419 407 2462 Quia
429 2419 666 2464 propitiatur
693 2428 771 2453 om-

210 2466 327 2501 nibus
351 2466 629 2511 iniquitatibus
653 2464 770 2500 tuisz*

208 2513 273 2557 qui
302 2517 415 2548 sanat
445 2524 580 2549 omnes
603 2512 771 2548 inlirmi-

211 2563 309 2595 tates
334 2564 420 2596 tuas
441 2572 448 2600 2

256 2619 292 2652 4.
322 2620 391 2662 Qui
416 2621 573 2655 redimit
600 2621 646 2655 de
669 2619 770 2654 inte-

211 2666 287 2700 ritu
320 2667 437 2701 vitam
474 2671 611 2702 tuam:
647 2668 666 2686 *f
704 2667 767 2711 qui

209 2717 366 2748 coronat
386 2717 421 2748 te
439 2715 475 2748 in
500 2713 768 2749 misericordia

209 2763 245 2793 ot
269 2760 608 2799 miserationibus.

255 2819 291 2851 2¹5.
329 2819 399 2861 Qui
430 2820 551 2864 replet
582 2822 619 2856 in
652 2824 768 2882 *bonis

208 2864 445 2900 desiderium
490 2870 598 2901 tuum
624 2881 630 2903 ;
708 2882 768 2906 re-

209 2912 618 2959 novabiturutaquila,¹
633 2915 770 2961 juven-

210 2961 273 2993 tus
291 2962 387 2994 tuas

254 3017 287 3051 (ὅ.
305 3017 462 3052 Faciens
479 3019 768 3057 misericordias

211 3063 411 3105 Dominus,
442 3065 462 3077 ²²
501 3070 538 3101 et
575 3065 766 3112 judicium

207 3111 389 3191 ‹triguibus
408 3110 593 3157 injuriam
616 3116 761 3160 patien—

226 3167 234 3189 1
269 3168 331 3191 us.

253 3216 290 3249 7.
318 3216 434 3251 Notas
458 3218 547 3254 fecit
569 3220 651 3255 vias
673 3231 765 3257 suas

206 3262 343 3308 Moysi,
367 3263 386 3281 Ψ
421 3264 513 3299 liliis
549 3267 667 3302 lsrael
699 3279 765 3303 vo-

205 3308 377 3345 luntates
399 3322 503 3346 suas.

1208 1919 1432 1972 [PSALMUS]
1467 1920 1614 1959 DAvm.

845 2014 1026 2062 Remedio,
1051 2018 1195 2054 animn-
1214 2027 1314 2062 mea,
1339 2012 1522 2055 Jelzome.

899 2086 939 2120 et
969 2081 1117 2119 omnia
1147 2081 1357 2120 interiora
1395 2092 1488 2119 mea
1525 2079 1696 2119 nomini
1732 2079 1976 2119 sanctitatis

846 2158 1048 2205 Benedic,
1073 2157 1219 2196 anima
1244 2169 1352 2204 mea,
1375 2157 1581 2203 Jehovae‚
1832 2145 1944 2195 [sslUS
1966 2143 1974 2183 l

899 2228 1013 2262 etue
1036 2222 1311 2262 obliviscaris
1333 2222 1479 2261 omnia
1504 2221 1711 2261 beneficia
1735 2219 1856 2272 ejus!

1404 2370 1419 2408 Ι

846 2494 922 2533 Ille
944 2486 1197 2534 c'ondonans
1220 2506 1394 2534 omnem
1419 2494 1699 2545 iniquitatem
1723 2499 1859 2541 tuam,

897 2559 972 2598 ille
994 2571 1155 2599 sanans
1177 2571 1330 2599 omnes
1354 2559 1634 2599 infirmitates
1656 2565 1767 2607 tuas,

846 2635 921 2675 Ille
944 2636 1166 2675 redimens
1189 2638 1241 2676 de
1263 2637 1464 2687 sepulcro
1486 2637 1620 2676 vitam
1644 2642 1781 2683 tuam,

898 2700 972 2740 ille
994 2701 1175 2760 cingens
1202 2699 1242 2741 t'e
1263 2701 1399 2752 gratia
1425 2706 1464 2741 et
1489 2701 1807 2748 misericordia,

846 2777 921 2816 lile
941 2778 1105 2817 satians
1128 2779 1241 2818 bono
1262 2784 1447 2819 aetatem
1473 2784 1609 2821 tuam,

897 2848 1132 2882 renovatur
1155 2849 1200 2882 ut
1221 2844 1395 2894 aquilae
1413 2844 1619 2894 juventus
1638 2848 1725 2891 tua,

844 2919 1022 2959 Faciens
1043 2920 1259 2970 Justitiam
1280 2921 1458 2967 Jetmva,

896 2989 936 3023 et
958 2985 1121 3035 judicia
1145 2985 1353 3024 omnibus
1371 2986 1610 3036 oppressis.

1390 3129 1423 3167 II

840 3246 1124 3287 Manifestans
1145 3249 1237 3288 vias
1258 3262 1359 3289 suas
1378 3251 1529 3302 Moysi,

893 3311 994 3351 liliis
1013 3313 1145 3352 Israel
1168 3314 1360 3354 facinora
1384 3327 1461 3354 sua
1480 3330 1488 3364 ;
