2243 3568
338 329 394 364 11.
434 328 582 363 Cadent
626 336 744 370 super
789 335 854 360 eos

289 370 493 417 carbones,
518 374 558 408 in
584 373 714 426 ignem
754 369 854 417 deji-

289 424 368 459 cies
407 432 500 464 eos:
538 420 556 439 ³⁸
596 421 635 455 in
681 419 855 454 miseriis

290 480 368 506 non
385 469 622 521 subsistent.

337 529 393 563 1⁶2.
424 527 492 563 Vir
531 527 740 571 linguosus
777 535 855 560 non

289 574 506 628 dirigetur
498 585 538 609 in
552 577 677 615 terra;
691 573 711 592 ἕ
726 573 855 608 virum

291 621 485 668 injustum
509 621 610 656 mala
638 620 794 665 capient
816 620 855 654 in

290 670 469 705 interitu

338 729 394 764 13.
420 727 591 780 Cognovi
614 726 704 772 quia
742 725 856 761 faciet

292 776 481 811 Dominus
532 772 723 819 judicium
769 773 855 807 ino-

291 824 364 869 pis
387 824 406 843 *⁸
430 826 467 857 et
499 822 713 857 vindictam
760 831 855 865 pau—

291 880 441 916 perum.

340 929 394 964 14.
435 929 711 963 Verumtamen
756 924 854 971 justi

315 976 611 1011 confitebuntur
681 973 829 1008 nomini

292 1027 359 1059 tuo
377 1034 384 1066 ;
406 1024 424 1042 *
449 1026 486 1057 et
505 1022 740 1057 habitabunt
758 1021 854 1056 recti

291 1080 379 1107 cum
401 1070 514 1106 vultu
537 1073 617 1105 tuo.

1057 199 1295 240 —390—

929 324 1201 375 Dejiciantur
1222 335 1356 375 super
1376 336 1448 365 eos
1470 326 1697 375 carbones,

983 390 1030 428 in
1051 389 1199 440 ignem
1218 389 1419 440 impellat
1438 402 1525 439 eos,

983 520 1029 558 in
1051 519 1247 570 gurgites
1265 517 1463 572 [quibus]
1486 532 1575 560 non
1597 527 1779 573 surgant
1811 522 1819 562 l

1926 586 2059 630 Selah.

1481 640 1516 679 V

930 726 1046 780 [Sed]
1070 727 1159 768 scio
1182 729 1297 779 quod
1322 728 1451 768 faciet
1471 726 1619 768 Jehova
1639 741 1817 770 causam
1838 731 2005 777 miseri,

983 791 1055 845 [et]
1078 793 1295 844 judicium
1320 805 1565 844 pauperum
1601 806 1608 841 ;

929 860 1127 898 Proiecto
1148 859 1253 909 justi
1273 860 1602 899 confitebuntur
1622 861 1792 900 nomini
1812 866 1901 909 tuo,

984 924 1239 982 habitabant
1259 925 1365 965 recti
1388 926 1505 976 apud
1528 925 1684 965 taciem
1707 931 1827 966 tuam
1849 939 1856 972 ;

927 990 1006 1030 Vir
1026 989 1218 1041 linguae,
1240 990 1424 1030 minime
1446 991 1698 1031 firmabitur
1719 991 1764 1030 in
1780 996 1895 1031 terra
1919 1003 1928 1038 3

982 1056 1051 1095 vir
1068 1055 1317 1104 violentiae,
1338 1057 1505 1096 malum
1529 1057 1763 1097 venabitur
1784 1068 1884 1096 eum
1907 1057 1961 1097 ad
1985 1057 2064 1096 im—

1715 1121 1957 1172 [pulsiones
1980 1121 2025 1172 (⁴)
2052 1119 2060 1160 1

1643 1293 1874 1338 PSAUME
1907 1293 2057 1337 CXLI.

373 1425 516 1466 Pricre
533 1426 559 1465 ci
585 1423 741 1465 Yahreh
760 1436 868 1477 pour
888 1422 1050 1463 obtenir
1064 1436 1144 1463 une
1165 1424 1226 1463 vie
1242 1422 1401 1475 inteqre
1421 1428 1458 1462 et
1480 1421 1520 1462 ία
1540 1423 1715 1463 εέσανὶιό
1729 1423 1833 1462 dans
1854 1423 2067 1475 l’e'preuve.

304 1495 393 1530 Vers
413 1490 460 1530 de
481 1492 503 1529 4
529 1492 568 1534 -l-
590 1492 611 1529 4

636 1496 823 1530 accents:
846 1496 978 1543 quant
999 1490 1024 1528 ὰ
1045 1487 1085 1528 la
1105 1487 1361 1542 strophz'qne,
1387 1487 1502 1528 l'efcat
1522 1486 1657 1528 actitel
1687 1489 1742 1527 du
1776 1494 1879 1528 ειη-τε
1906 1501 1956 1528 πθ
1974 1501 2071 1540 per-

292 1562 373 1595 ‘met
392 1568 464 1607 pas
487 1556 531 1595 de
554 1555 594 1594 la
615 1555 844 1595 dacomarii:
870 1578 920 1582 —
944 1559 1005 1594 Au
1030 1552 1170 1593 milieu
1199 1553 1254 1593 du
1275 1566 1441 1606 psaume
1471 1566 1510 1593 se
1533 1559 1675 1593 trouve
1708 1566 1766 1593 un
1788 1552 1881 1605 lona
1900 1565 2070 1605 passaqe

295 1619 662 1672 irrepat-ablement
683 1619 814 1660 αἰεόνό
832 1621 935 1659 dans
955 1617 1182 1669 l'orz'qinal,
1207 1632 1262 1659 aa
1283 1621 1400 1671 point
1430 1620 1475 1659 de
1506 1618 1655 1658 rendre
1687 1617 1919 1670 impossible
1958 1625 2069 1659 toute

296 1685 532 1726 tradueczon
553 1685 818 1726 raisonnable
838 1698 850 1734 ;
873 1684 1098 1726 alteration
1118 1686 1353 1725 cintem'eure
1375 1697 1430 1724 au
1451 1690 1576 1736 temps
1603 1683 1671 1725 des
1690 1688 1811 1735 LXX,
1835 1697 1986 1725 comme
2017 1696 2070 1726 on

351 1810 469 1850 CXL.
505 1832 555 1837 —
591 1810 626 1849 1.
668 1811 861 1850 PSALMUs

298 1864 445 1903 DAvm.

348 1952 519 1991 Domine,
539 1952 704 1999 clamavi
732 1953 779 1987 ad
812 1955 861 1991 te,

298 1999 438 2035 exaudi
460 2009 541 2041 me;
565 1999 584 2018 *
604 1999 764 2034 intende
780 2000 862 2034 voci

299 2057 407 2088 meae,
418 2057 505 2081 cum
519 2047 738 2081 clamavero
750 2047 799 2082 ad
812 2050 861 2081 te.

345 2094 379 2128 2.
412 2093 613 2139 Dirigatur
633 2094 759 2128 oratio
781 2104 863 2128 mea

299 2141 403 2177 sicut
436 2141 640 2175 incensum
677 2141 716 2175 in
749 2151 864 2175 cons—

299 2191 413 2233 pectu
439 2191 529 2230 tuo3
552 2188 572 2207 ²³*
593 2188 758 2223 elevatio
783 2199 864 2223 ma-

300 2245 421 2270 nuum
437 2246 611 2270 mearum
626 2236 864 2270 sacrificium

300 2282 585 2327 vespertinum.

347 2330 380 2364 3.
418 2330 532 2367 Pone,
568 2330 742 2369 Domine,
775 2340 866 2365 cus-

302 2377 445 2412 todiam
468 2377 526 2412 ori
549 2387 656 2419 meo;
688 2377 707 2396 ³*
738 2381 776 2412 ct
802 2388 866 2419 os—

302 2424 399 2459 tium
418 2424 731 2460 circumstantiae
750 2425 866 2460 labiis

302 2471 412 2506 meis.

348 2519 381 2553 4.
429 2519 521 2553 Non
567 2519 741 2554 declines
789 2529 867 2555 cor

302 2575 429 2600 meum
466 2567 504 2600 in
540 2566 656 2601 verba
691 2567 864 2612 malitiass,

302 2613 321 2631 ³¹*
342 2613 390 2648 ad
421 2614 667 2648 excusandas
702 2625 866 2650 excusa-

305 2659 431 2694 tiones
472 2660 509 2694 in
548 2661 731 2705 peccatis.
771 2662 866 2696 Cum

304 2706 529 2742 hominibus
574 2709 866 2752 operantibus

304 2753 568 2797 iniquitatem,
586 2755 605 2774 ³*
620 2758 658 2790 et
674 2765 750 2790 non
767 2766 869 2791 com-

305 2800 511 2835 municabo
532 2811 619 2836 cum
643 2803 778 2838 electis
803 2814 867 2838 eo-

305 2856 404 2881 rum

351 2894 384 2927 5.
425 2894 617 2939 Corripiet
649 2906 707 2930 ine
734 2895 867 2941 justus

306 2939 344 2973 in
368 2940 649 2980 misericordia
674 2946 711 2977 et
741 2944 867 2979 incre·

306 2987 413 3030 pabit
434 2998 516 3025 me:
555 2989 715 3023 *oleum
738 2994 826 3025 aut‹=
832 3002 867 3025 m

307 3016 521 3077 peccatoris
543 3045 617 3068 non
649 3036 868 3081 impinguet

305 3083 421 3123 caput
442 3090 581 3115 meum.
598 3083 785 3124 Quoniam
805 3085 869 3119 ad-

307 3126 380 3160 huc
402 3130 438 3161 et
459 3128 584 3162 oratio
601 3139 682 3164 moa
702 3130 738 3164 in
756 3131 868 3166 bene-

307 3173 461 3217 placitis
484 3184 631 3210 eorum.

1313 1828 1505 1868 PSALMUS
1550 1829 1696 1868 DAvm.

939 1952 969 1991 O
990 1952 1166 1999 Jehova‚
1193 1964 1298 1991 voco
1319 1957 1373 1999 te,
1399 1952 1557 1991 festina
1580 1953 1633 1991 ad
1657 1963 1742 2000 me,

991 2030 1189 2068 ausculta
1214 2041 1363 2068 vocem
1389 2041 1528 2068 meam
1551 2030 1596 2068 in
1618 2030 1813 2069 vocando
1837 2040 1905 2068 ine
1927 2033 1967 2068 te
1992 2044 2000 2074 ;

941 2117 1210 2167 llisponatur
1231 2118 1368 2157 oratio
1391 2129 1484 2157 mea
1510 2116 1589 2169 [ut]
1613 2118 1913 2158 suffimentum
1934 2119 1989 2158 ad
2012 2118 2073 2157 ia-

1799 2183 1911 2223 ciem
1936 2189 2071 2231 tuam,

995 2248 1178 2287 elevatio
1203 2260 1412 2287 manuum
1448 2260 1643 2288 mearum
1683 2247 1760 2300 [ut]
1785 2249 1948 2289 oblatio
1980 2260 2073 2288 ves-

941 2337 1070 2382 Pone,
1094 2337 1271 2384 Jehova,
1298 2337 1544 2377 custodiam
1568 2337 1631 2376 ori
1658 2349 1767 2385 meo,
1920 2312 2070 2365 [l‘ffl'ls2

994 2415 1163 2454 custodi
1189 2415 1310 2466 juxta
1332 2416 1511 2466 januam
1532 2415 1751 2455 labiorum
1776 2427 1990 2462 meorum,

942 2503 1003 2544 Ne
1024 2503 1211 2543 inclines
1233 2515 1307 2543 cor
1330 2515 1476 2543 meum
1498 2504 1543 2544 in
1566 2515 1657 2543 rem
1680 2504 1945 2555 iniquitatis,

994 2581 1045 2619 ad
1072 2581 1415 2631 perpetrandum
1439 2579 1632 2620 facinora
1654 2592 1754 2620 cum
1778 2581 1991 2631 nequitia,

943 2669 1049 2709 Cum
1075 2669 1331 2708 hominibus
1353 2670 1638 2720 operantibus
1660 2669 1955 2720 iniquitatem,

995 2750 1037 2785 et
1058 2757 1112 2785 ne
1134 2747 1360 2785 comedam
1382 2746 1427 2784 in
1451 2746 1622 2786 deliciis
1645 2758 1796 2786 eorum
1817 2760 1824 2785 :

944 2834 1084 2874 Feriat
1108 2846 1174 2873 me
1192 2835 1351 2885 justus,
1379 2833 1492 2885 [erit]
1517 2836 1672 2885 gratia,

996 2916 1035 2950 et
1056 2911 1255 2961 increpet
1285 2923 1367 2958 ine,
1403 2910 1517 2962 [erit]
1548 2912 1693 2952 oleum
1718 2912 1872 2963 capitis
1897 2910 1964 2963 [ou
1993 2923 2071 2950 un-

1591 2975 1819 3027 [guentum
1843 2974 2070 3026 primum]‚

944 3063 1003 3101 Ne
1027 3069 1181 3103 renuat
1215 3069 1345 3114 caput
1380 3076 1543 3112 meum‚
1577 3064 1786 3115 quoniam
1822 3065 1963 3103 adhuc
1990 3062 2073 3114 [in-

996 3145 1029 3176 el
1052 3140 1186 3179 oracio
1210 3151 1297 3179 mea
1319 3141 1363 3179 in
1382 3138 1490 3179 malo
1512 3152 1650 3179 eornm
1874 3138 2069 3191 [crepat]

367 3271 410 3309 (1)
435 3272 479 3302 Ce
505 3275 621 3304 verset
647 3284 683 3304 so
716 3277 841 3307 trouve
868 3280 969 3308 entre
999 3279 1047 3309 los
1075 3281 1239 3320 strophes
1271 3280 1313 3312 {V
1339 3283 1373 3312 et
1400 3281 1449 3319 V;
1472 3289 1514 3312 en
1536 3281 1568 3311 le
1588 3282 1741 3320 rejetant
1765 3289 1904 3313 comme
1924 3288 2013 3313 nous
2037 3279 2069 3313 le
2096 3276 2104 3283 '
