2243 3568
1043 185 1257 225 ...52-

1634 309 1867 354 PSAUME
1908 310 2027 353 XXI.
2054 297 2058 299 ’

340 444 514 480 Psaume
535 421 668 492 rbyal,
693 450 741 477 en
762 436 867 477 deux
885 437 1083 490 strophes,
1112 439 1152 477 4⁰
1171 438 1305 490 priere
1332 439 1357 478 ὰ
1386 436 1558 487 ramese,
1583 440 1628 478 2⁰
1649 435 1848 490 triomphe
1875 439 2029 490 promis

314 563 407 602 XX.
438 584 476 589 —
504 562 546 600 1.
584 562 628 600 ΙΝ
676 572 820 608 mmm,

261 626 449 656 PSALMUS
471 616 617 653 Davin.

307 741 344 775 2.
379 739 553 775 Domine,
598 738 637 772 in
675 737 823 772 virtute

262 791 327 823 tua
362 786 563 822 laetabitur
597 795 698 820 rex:
731 784 751 803 *
785 787 822 819 et

260 845 378 879 super
390 834 563 869 salutare
583 835 692 867 tuum
709 831 821 867 exul-

262 882 360 917 tabit
381 881 644 916 vehementer.

306 929 344 963 3.
388 927 633 963 Desiderium
691 926 820 961 cordis

261 974 346 1021 ejus
383 974 560 1010 tribuisti
599 974 631 1009 ei
676 985 683 1008 t
724 973 745 993 *
783 976 820 1008 et

260 1023 463 1058 voluntate
503 1022 696 1056 labiorum
734 1019 820 1066 ejus

261 1081 337 1105 non
363 1069 553 1105 fraudasti
574 1079 675 1103 eum.

308 1118 343 1153 4.
379 1116 566 1160 Quoniam
590 1116 817 1160 preevenisti

178 1182 203 1209 μ
260 1175 346 1200 eum
394 1164 433 1198 in
477 1163 819 1198 benedictionibus

195 1349 239 1371 fi

259 1211 480 1248 dulcedinis
505 1223 511 1245 :
535 1211 555 1229 ’ἵ
576 1210 743 1255 posuisti
780 1210 818 1244 in

259 1259 386 1304 capite
424 1256 510 1303 ejus
548 1267 730 1293 coronam
773 1258 819 1293 de

260 1306 387 1351 lapide
408 1305 593 1350 pretioso.

305 1354 343 1389 5.
379 1352 504 1388 Vitam
538 1351 651 1397 petiit
679 1361 700 1386 a
730 1354 778 1390 te,
799 1351 819 1371 *

259 1404 297 1436 et
334 1399 510 1435 tribuisti
539 1400 570 1434 ei
600 1398 819 1444 longitudi-

260 1457 347 1483 nem
366 1447 518 1483 dierum
543 1447 581 1481 in
613 1446 816 1488 sieculum,

259 1498 297 1530 et
319 1495 356 1529 in
380 1495 570 1529 saeculum
595 1493 744 1528 saeculi.

305 1542 339 1576 6.
362 1542 501 1587 Magna
515 1544 575 1576 est
590 1541 716 1586 gloria
732 1538 818 1586 ejus

260 1589 298 1623 in
315 1589 479 1624 salutari
497 1592 563 1623 tuo
587 1599 593 1622 τ
617 1587 637 1607 *
650 1588 816 1633 gloriam

259 1639 296 1671 et
318 1646 502 1682 magnum
537 1636 714 1670 decorem
747 1635 821 1669 im-

259 1694 379 1728 pones
401 1694 518 1728 super
540 1692 641 1718 eum.

306 1731 339 1765 7.
352 1730 540 1773 Quoniam
554 1730 665 1765 dabis
679 1730 819 1764 eumin

258 1777 570 1813 benedictionem
583 1777 621 1811 in
631 1777 819 1812 saeculum

259 1824 392 1860 saeculi
420 1836 426 1859 :
450 1825 470 1845 *
492 1824 713 1859 laetificabis
733 1834 820 1859 eum

259 1871 268 1906 i
320 1871 464 1917 gaudio
485 1881 571 1906 cum
594 1871 707 1906 vultu
732 1874 814 1906 tuo.

336 1947 343 1954 .
376 1919 566 1962 Quoniam
601 1928 667 1953 rex
690 1921 821 1963 sperat

258 1966 298 2000 in
320 1966 485 2001 Domino
509 1977 516 2000 :
539 1966 559 1985 *
580 1967 618 2000 et
640 1964 679 1999 in
702 1965 821 2000 mise-

259 2013 428 2048 ricordia
486 2012 683 2048 Altissimi
743 2022 820 2047 non

260 2060 583 2095 commovebitur.

306 2107 344 2143 9.
389 2107 619 2142 Inveniatur
680 2116 821 2141 manus

143 2152 325 2220 'ma
394 2154 578 2189 omnibus
648 2153 821 2188 inimicis

261 2202 340 2237 tuis
362 2212 369 2243 ;
393 2202 413 2221 *
433 2202 595 2237 dextera
624 2203 689 2235 tua
712 2200 822 2235 inve-

259 2249 342 2284 niat
354 2248 574 2293 omnesqui
589 2250 625 2283 te
637 2248 817 2283 oderunt.

305 2296 365 2331 10.
400 2296 523 2331 Pones
545 2305 610 2330 eos
629 2298 672 2330 ut
698 2294 820 2329 cliba-

259 2353 351 2378 num
369 2343 474 2388 ignis
493 2343 531 2377 in
550 2345 723 2387 tempore
738 2342 817 2377 vul-

259 2393 322 2425 tus
346 2390 401 2425 tui
424 2402 430 2425 :
455 2390 474 2409 *
492 2389 680 2425 Dominus
700 2389 739 2423 in
763 2389 820 2424 ira

257 2447 326 2472 sua
366 2437 619 2472 conturbabit
662 2447 741 2477 eos,
782 2440 819 2472 et

256 2484 459 2520 devorabit
479 2494 544 2520 eos
564 2483 681 2529 ignis.

304 2531 360 2566 11.
391 2532 575 2567 Fructum
607 2541 739 2566 eorum
772 2531 819 2566 de

258 2581 360 2613 terra
388 2579 526 2623 perdes
548 2590 554 2613 :
579 2577 599 2597 ³*
620 2581 657 2613 et
684 2588 817 2613 semen

257 2635 389 2660 eorum
411 2636 431 2660 a
454 2625 547 2660 liliis
570 2625 785 2659 hominum.

304 2672 362 2706 12.
397 2672 584 2715 Quoniam
601 2672 815 2707 declinave-

257 2722 350 2753 runt
373 2719 411 2753 in
435 2722 470 2753 te
491 2719 612 2760 mala:
636 2718 655 2737 ³⁶⁵
674 2719 818 2764 cogita-

257 2769 398 2800 verunt
422 2766 600 2801 consilia.
626 2776 711 2810 quin
740 2777 815 2801 non

256 2815 469 2856 potuerunt
488 2812 680 2847 stabilire.

303 2859 358 2894 13.
388 2859 575 2902 Quoniam
605 2870 724 2904 pones
752 2870 817 2894 eos

255 2906 414 2941 dorsum
431 2918 437 2940 :
453 2906 472 2925 *
486 2906 524 2940 in
542 2906 720 2950 reliquiis
737 2906 816 2942 tuis

254 2952 494 2998 pra‘parabis
505 2953 655 2987 vultum
667 2964 815 2988 eorum.

301 3000 357 3034 14.
375 2999 566 3039 Exaltare,
585 3000 757 3037 Domine,
775 3000 812 3034 in

255 3046 402 3081 virtute
422 3050 486 3081 tua
503 3058 509 3080 :
526 3046 545 3065 *⁷*
566 3047 814 3081 cantabimus

254 3097 290 3128 et
302 3093 516 3139 psallemus
526 3093 695 3129 virtutes
712 3097 811 3129 tuas.

312 3221 357 3260 (1)
381 3221 529 3261 Deplace
548 3223 837 3261 apparemment;

1023 561 1053 600 Ι.
1083 582 1134 591 -
1164 561 1460 601 Pnfflcsswroffl
1493 576 1500 601 ε
1533 572 1721 602 PSALMUS
1752 563 1901 602 DAvn).

1456 651 1472 689 I

897 738 928 777 Ο
949 738 1129 786 Jehova,
1153 739 1200 778 in
1223 739 1385 780 virtute
1408 744 1480 779 tua
1503 740 1692 780 laetatur
1712 752 1804 788 rex,

949 808 990 843 et
1010 803 1057 842 in
1079 804 1219 844 salute
1245 809 1318 844 tua
1338 816 1470 855 quam
1494 805 1778 845 vehementer
1800 803 1992 845 exultat!

896 867 1176 908 Desiderium
1199 869 1347 909 cordis
1370 869 1438 909 sui
1459 870 1621 910 tribuis
1643 869 1680 910 ei

949 938 990 973 et
1020 932 1279 984 petitionem
1310 934 1530 974 labiorum
1567 935 1662 986 ejus
1695 946 1783 974 non
1820 936 2025 985 denegas.

1813 995 1933 1039 selah.
1963 997 2025 1047 (⁴).

896 1074 1037 1127 [Vere]
1051 1076 1281 1127 praevenis
1293 1088 1393 1116 eum
1405 1076 1791 1116 benedictionibus
1802 1074 2026 1122 bonitatis,

948 1142 1076 1190 ponis
1098 1153 1234 1192 super
1249 1147 1380 1192 caput
1395 1143 1489 1193 ejus
1510 1153 1717 1181 coronam
1742 1139 1871 1192 [auri]
1895 1139 2021 1190 puri;

893 1206 1036 1246 Vitam
1060 1205 1227 1258 [quam]
1251 1207 1377 1257 petiit
1397 1219 1420 1246 a
1443 1212 1499 1255 te,
1524 1208 1602 1247 das
1621 1207 1658 1248 ei
1685 1218 1692 1244 :

946 1271 1055 1324 [das]
1076 1272 1402 1323 longitudinem
1420 1272 1594 1313 dierum
1612 1272 1658 1311 in
1674 1271 1899 1312 saeculum
1918 1275 1959 1311 et
1979 1270 2027 1310 in

1680 1336 2023 1387 [aeternitatem.

893 1402 1047 1453 Magna
1085 1400 1183 1454 [est]
1218 1402 1357 1453 gloria
1396 1402 1492 1453 ejus
1524 1406 1704 1454 propter
1740 1399 2028 1441 salvationem

1867 1467 2025 1515 [tuam,

946 1534 1158 1573 honorem
1185 1537 1227 1572 et
1247 1534 1450 1573 decorem
1481 1532 1608 1583 ponis
1630 1544 1765 1583 super
1785 1543 1886 1571 eum
1910 1542 1919 1568 ε

896 1596 1038 1649 [Vere]
1064 1599 1192 1649 ponis
1215 1610 1317 1638 eum
1340 1598 1675 1638 benedictiones
1697 1609 1776 1649 pro
1798 1607 1986 1647 semper.

949 1663 1170 1703 exhilaras
1201 1675 1301 1702 eum
1338 1662 1500 1712 gaudio
1538 1673 1614 1714 per
1654 1662 1827 1702 vultum
1868 1665 1995 1701 tuum
2021 1661 2029 1685 ²

897 1823 1005 1870 Quia
1028 1834 1104 1862 rex
1125 1827 1273 1872 sperat
1294 1822 1339 1862 in
1360 1813 1532 1863 Jehova'
1809 1821 1999 1871 [vehitur
2018 1819 2027 1860 !

951 1892 992 1927 et
1010 1899 1088 1938 per
1104 1887 1461 1927 misericordiam
1481 1887 1717 1934 Alfissimi,
1737 1897 1826 1926 non
1841 1896 2014 1925 commo

1444 2030 1481 2068 II

898 2150 943 2200 [O
965 2152 1086 2202 Rex,]
1106 2152 1300 2193 inveniet
1315 2165 1473 2193 manus
1489 2158 1563 2193 tua
1578 2164 1732 2193 omnes
1748 2153 1896 2193 hostes
1912 2157 2026 2201 tuos,

950 2217 1129 2257 dextera
1152 2222 1225 2257 tua
1247 2218 1441 2258 inveniet
1464 2217 1662 2258 odientes
1684 2222 1739 2258 te.

897 2282 1035 2321 Pones
1063 2293 1135 2322 eos
1165 2282 1279 2322 sicut
1311 2282 1537 2322 clibanum
1566 2283 1794 2322 ardentem

947 2346 995 2386 in
1026 2350 1223 2397 tempore
1255 2347 1381 2387 faciei
1405 2352 1520 2393 tuae,

893 2412 1057 2452 Jehova
1078 2412 1124 2451 in
1143 2412 1208 2451 ira
1231 2423 1308 2452 sua
1332 2412 1559 2463 disperdet
1579 2424 1652 2452 eos

948 2481 990 2516 et
1013 2481 1244 2517 consumet
1264 2487 1338 2516 eos
1360 2475 1504 2527 ignis!

896 2542 1103 2581 Fructum
1127 2553 1276 2582 eorum
1301 2543 1353 2581 de
1375 2544 1492 2581 terra
1514 2542 1672 2592 perdes

947 2611 987 2645 et
1006 2618 1157 2646 semen
1179 2618 1329 2647 eorum
1354 2607 1406 2646 de
1427 2606 1531 2645 filiis
1552 2606 1784 2646 hominum
1810 2618 1818 2644 :

893 2670 1001 2718 Quia
1024 2675 1351 2722 proposuerunt
1372 2682 1505 2721 super
1526 2675 1566 2710 te
1589 2671 1772 2714 malum,
1841 2669 2020 2721 [terunt.

946 2736 1250 2786 cogitaverunt
1271 2735 1645 2775 machinationem
1669 2747 1801 2787 quam
1832 2747 1921 2776 non
1952 2748 2022 2787 po-

893 2800 1032 2841 Etiam
1048 2800 1175 2840 dabis
1191 2811 1263 2840 eos
1280 2801 1461 2840 dorsum
1479 2799 1641 2849 [statim
1657 2801 1801 2852 atque]
1839 2800 2020 2850 [eorum.

945 2877 1044 2905 cum
1062 2865 1239 2905 chordis
1255 2865 1343 2905 tuis
1362 2862 1522 2917 [arcus]
1539 2865 1705 2917 diriges
1722 2870 1874 2907 contra
1889 2866 2024 2906 facies

892 3024 1107 3072 Exaltare‚
1132 3036 1155 3063 o
1175 3024 1354 3072 Jehova,
1379 3024 1426 3063 in
1448 3025 1610 3065 virtute
1633 3030 1705 3065 tua
1727 3024 1736 3064 l

944 3089 1236 3137 cantabimus,
1261 3093 1302 3128 et
1323 3089 1565 3139 psallemus
1587 3091 1796 3130 virtutem
1820 3090 1953 3130 vitam
1974 3089 1982 3128 1

865 3220 889 3252 il
915 3223 1023 3253 serait
1044 3223 1164 3254 mieux
1184 3225 1287 3263 apres
1307 3223 1340 3254 le
1359 3223 1382 3264 ty
1400 3224 1436 3262 73
1458 3226 1476 3254 a
1498 3225 1612 3254 moins
1635 3224 1719 3263 qu'il
1740 3224 1825 3254 n'ait
1843 3231 1930 3262 pour
1951 3224 2015 3256 but
